2708 4740
670 345 699 402 X
805 330 817 336 -

123 549 233 604 motem
261 543 490 619 Trismegistum
517 549 549 600 et
563 542 641 601 Tet¹
668 543 847 621 discipulum
867 547 1024 605 institutos
1037 555 1069 606 et
1080 568 1135 625 per
1148 549 1268 608 modum

123 644 332 721 interrogandi
360 649 391 701 et
416 643 616 720 respondendi
641 647 822 721 compositos
848 665 944 722 neque
969 647 1009 704 ed
1034 654 1149 706 certum
1176 669 1268 726 quen·

122 745 193 804 dem
216 764 317 803 rerum
343 743 477 801 ordinem
500 748 655 802 revocatos
681 745 713 801 in
725 743 878 820 Syriacum
904 766 1005 806 versos
1018 766 1082 807 esse
1108 768 1267 826 versosque

17 864 19 868 ⁴
121 847 216 924 ipsius
242 843 430 922 temporibus
456 844 616 901 exstitisse.
644 843 701 914 Qui
726 843 804 904 liber
828 845 905 903 nihil
924 847 1007 906 aliud
1032 847 1123 907 fuisse
1149 850 1269 908 videtur

121 946 181 1004 nisi
198 946 413 1022 interpretatio
439 944 494 1000 niv
515 937 586 1020 πρὸς
608 938 676 1000 Τάτ
697 943 768 1002 solis
781 945 961 1023 fragmentis
977 953 1164 1007 servatorum
1190 970 1268 1026 quae

123 1045 271 1106 Stobeeus
297 1044 336 1103 ab
362 1043 514 1102 oblivione
540 1042 702 1103 vindicavit
715 1088 716 1092 ,
727 1050 760 1103 et
783 1043 828 1103 cl.
844 1044 880 1104 L.
898 1045 1036 1106 ‘Mdnard
1048 1049 1173 1108 Hermes
1186 1052 1268 1110 Tris·

121 1147 241 1222 mbyiste
264 1191 271 1203 .
292 1187 326 1204 ..
352 1146 385 1204 2.
408 1143 453 1202 ἑά.
480 1143 552 1201 Par.
573 1146 661 1203 1867.
686 1164 717 1222 p.
739 1145 932 1206 225-256
948 1138 1107 1226 collegit²;
1129 1150 1267 1226 idemque

122 1266 139 1305 e
173 1245 295 1323 Syriaco
325 1244 414 1302 facile
450 1244 483 1302 in
513 1243 649 1302 arabicas
682 1243 787 1303 literas
816 1247 983 1306 translatus
1008 1251 1059 1308 sit.
1111 1249 1168 1309 Sed
1194 1253 1269 1308 certi

120 1346 194 1424 quid
219 1345 337 1423 exquiri
359 1362 420 1401 non
445 1347 557 1421 potest.

220 1445 374 1504 Permulta
399 1449 499 1502 autem
525 1463 602 1520 quae
627 1443 666 1502 ab
692 1445 765 1521 ipsis
790 1446 928 1522 profecta
952 1453 1026 1506 sunt
1050 1447 1166 1507 Arabes
1192 1449 1268 1507 Her·

120 1550 193 1606 meti
221 1545 417 1621 Trismegisto
443 1544 661 1602 attribuerunt.

220 1647 264 1704 Ac
289 1647 419 1723 primum
444 1645 564 1721 quidem
590 1642 762 1702 Hermetem
799 1647 831 1701 in
856 1667 981 1706 numero
1007 1651 1139 1708 virorum
1164 1649 1266 1708 claris·

120 1748 263 1806 simorum
303 1744 484 1815 habuerunt,
519 1765 537 1802 a
575 1745 683 1822 quibus
718 1747 795 1804 verii
831 1749 950 1822 generis
987 1755 1150 1827 praecepta
1186 1751 1267 1827 apud

120 1850 201 1926 ipsos
227 1845 380 1905 celebrata
398 1849 537 1922 repetere
552 1843 660 1914 solent,
687 1864 764 1920 quae
777 1845 897 1905 illorum
922 1847 1050 1908 induant
1073 1852 1265 1909 auctoritate.

121 1946 197 2006 Hinc
222 1947 303 2005 inter
328 1944 404 2004 elios
428 1943 552 2003 Hermes
575 1963 695 2021 quoque
719 1948 839 2023 saepius
864 1953 945 2006 recte
970 1949 1089 2008 vivendi
1121 1953 1266 2028 magister

85 2111 89 2117 ,
120 2049 249 2108 exsistit.

221 2146 285 2206 iam
310 2143 428 2244 idonein
454 2143 512 2204 ben
538 2143 630 2238 lsbtq
654 2145 686 2202 in
711 2143 789 2202 libro
815 2147 864 2204 cui
883 2148 1060 2207 inscribitur
1077 2151 1267 2224 Philosopho-

121 2296 188 2338 rum
211 2277 290 2335 dictu
311 2272 437 2332 moralia
454 2274 491 2327 ut
515 2268 643 2327 aliorum
670 2265 852 2328 Graecorum
888 2273 1016 2331 nominis
1049 2273 1189 2332 claritate
1215 2292 1264 2330 ex·

122 2375 295 2434 cellentium
321 2371 365 2428 ita
391 2369 541 2428 Hermetis
568 2370 734 2427 sententiaa
759 2370 864 2428 tradit.
917 2370 994 2430 Sunt
1011 2375 1139 2450 triginta
1162 2393 1266 2431 novem

121 2495 209 2534 voces
244 2471 282 2530 ad
316 2472 410 2530 vitem
435 2489 591 2546 moresque
624 2475 717 2546 atque
750 2469 849 2528 officia
883 2477 1053 2548 spectantes
1088 2473 1265 2550 eaedemque

120 2577 249 2634 maxima
275 2575 412 2648 exparte
429 2574 492 2628 tam
508 2569 643 2628 breviter
669 2588 757 2646 quam
774 2572 908 2646 graviter
933 2578 1025 2650 atque
1051 2579 1138 2632 acute
1150 2573 1266 2643 dictee3

222 2770 230 2800 ¹
251 2765 350 2820 Exstat
373 2749 490 2848 &Mb
527 2764 596 2818 alias
614 2756 755 2825 invenitur
773 2751 869 2835 ..Μῦς
894 2770 978 2834 etque
1004 2767 1045 2820 ita
1064 2767 1176 2835 quidem
1192 2774 1268 2822 recte

121 2855 261 2922 scribitur,
280 2853 328 2906 illa
340 2855 433 2905 eutem
448 2852 564 2920 scriptio
583 2869 599 2905 e
616 2868 714 2922 graeco
729 2846 826 2908 Τάτιος
835 2850 918 2904 fluxit
936 2851 1011 2921 quod
1029 2868 1167 2907 exerrore
1183 2855 1267 2909 libra·

119 2946 226 2999 riorum
246 2941 398 2995 latinorum
416 2940 552 3008 originem
570 2939 681 2993 duxisse
698 2938 811 2992 videtur
829 2955 881 3007 pro
898 2939 989 2992 alieno
1005 2939 1054 2994 illc
1072 2939 1126 2994 Tot
1143 2943 1267 3010 ipsorum

120 3031 233 3085 Tatium
251 3028 493 3095 substituentium3
512 3044 538 3080 v.
555 3024 734 3096 Bernaysium
753 3025 770 3079 l.
788 3025 805 3080 l.
824 3043 851 3094 p.
870 3027 1019 3081 501-602.

222 3116 292 3172 ²n1.
316 3115 351 3170 de
378 3114 447 3183 Secy
475 3115 589 3169 Notiora
614 3115 639 3168 et
667 3113 798 3168 Extruits
822 3111 868 3167 IV.
896 3131 924 3182 p.
945 3113 995 3168 113
1021 3114 1057 3168 de
1083 3115 1155 3171 libro
1185 3135 1267 3186 quem

76 3196 78 3200 ’
119 3206 309 3260 Barhebreeus
332 3202 499 3272 spectaverit
516 3207 557 3255 cet
580 3193 698 3271 ocuraqe
715 3201 756 3254 ait
774 3205 814 3254 est
832 3202 1110 3258 oraieemblabicment
1128 3206 1199 3258 celat
1216 3222 1267 3274 que

119 3309 188 3348 cous
207 3307 292 3346 avons
311 3307 344 3345 en
358 3289 427 3344 Grec
438 3304 503 3343 sous
520 3289 624 3343 letitrc
640 3288 672 3342 de
683 3285 783 3358 Ἑρμοῦ
800 3289 848 3340 τοῦ
865 3295 1059 3360 ιρισμεγίστου
1077 3287 1265 3362 Ποιμάνδρης.

120 3382 195 3451 Quae
213 3380 307 3450 opinio
330 3379 428 3447 utique
450 3377 480 3430 in
499 3392 593 3429 errore
611 3379 660 3428 est.
696 3374 808 3428 Etenim
833 3377 938 3445 scripte
952 3376 1001 3430 iiia
1018 3395 1088 3445 quoe
1107 3396 1181 3431 nunc
1198 3378 1265 3431 Poe-

119 3468 242 3523 mandris
260 3468 372 3520 nomine
389 3463 586 3533 comprehendi
605 3463 694 3517 solent
718 3468 808 3516 aetate
825 3463 994 3518 Barhebraei
1013 3481 1069 3517 non
1087 3465 1265 3518 confecerunt

119 3575 227 3625 corpus.
246 3556 316 3609 Sunt
333 3552 556 3623 quattuordecim
575 3551 669 3620 libelli,
690 3556 722 3604 ut
739 3551 886 3619 medicem,
903 3557 1075 3621 argumento,
1093 3552 1191 3620 forma,
1210 3556 1264 3608 ori·

119 3645 184 3714 gine
202 3645 246 3698 vel
263 3643 382 3696 maxime
407 3642 480 3695 inter
500 3658 557 3694 sese
578 3639 773 3709 discrepantes,
798 3640 846 3708 qui
864 3640 986 3706 primum
1004 3657 1021 3692 a
1039 3639 1139 3694 Ficino
1158 3642 1187 3694 in
1204 3659 1265 3696 cor·

120 3748 172 3802 pus
190 3731 296 3785 redacti
314 3734 343 3783 et
359 3729 472 3782 nomine
488 3726 666 3781 Poemendris
687 3727 814 3796 insigniti
832 3731 904 3780 sunt
942 3727 973 3780 ln
991 3727 1072 3781 codd
1091 3745 1154 3783 mss.
1173 3734 1265 3783 eutem

119 3837 197 3894 suam
221 3821 337 3888 quisque
360 3816 571 3884 inscriptionem
597 3815 652 3868 fert
676 3819 705 3868 et
726 3814 826 3869 titulus
843 3814 1023 3869 Poemendria
1049 3817 1106 3870 eius
1133 3820 1265 3886 proprius

120 3913 161 3962 eet
178 3923 261 3976 quem
286 3906 377 3975 primo
401 3904 461 3958 icoo
483 3921 586 3973 ponere
610 3903 713 3956 solent:
743 3903 790 3957 Fr.
816 3903 951 3958 Patritius
967 3903 1047 3958 Nova
1072 3905 1107 3959 de
1131 3907 1266 3960 universis

120 3994 303 4067 philosophia.
341 3993 438 4049 Venet.
458 3994 536 4048 1593.
554 3994 647 4048 Herm.
666 3993 799 4063 Trismeg.
817 3992 864 4050 fol.
875 3997 913 4063 3²,
931 4011 960 4064 e;
979 3994 1014 4049 cf.
1033 3995 1203 4064 Hilgersium
1217 3995 1265 4050 l.l.

120 4102 147 4154 p.
167 4085 245 4138 5-6.
266 4080 382 4136 Accedit
406 4080 480 4150 quod
507 4082 567 4136 istis
594 4083 624 4134 in
648 4081 748 4136 libellis
773 4080 827 4136 Tat
855 4099 912 4136 non
936 4082 1092 4152 graviorem
1119 4100 1265 4152 personam

119 4173 239 4226 sustinet
257 4187 342 4240 quam
360 4169 516 4240 Asclepius3
540 4171 570 4224 in
588 4187 620 4224 eo
645 4175 738 4224 autem
757 4170 805 4239 qui
825 4171 886 4223 iure
906 4169 1089 4225 Poemandres
1107 4171 1264 4240 appelletur

118 4257 183 4314 Tati
200 4275 235 4312 ne
252 4274 353 4312 nomen
376 4257 489 4327 quidem
512 4259 642 4313 occurrit.
660 4287 695 4298 -
714 4256 746 4311 In
764 4253 797 4309 τὰ
815 4255 884 4327 πρὸς
904 4251 970 4324 Teis,
992 4263 1129 4328 quatenus
1151 4258 1263 4327 quidem

105 4351 228 4414 exstent,
243 4346 416 4402 Barbebreei
436 4347 522 4402 verbe
539 4363 623 4417 quam
641 4347 746 4418 optime
764 4346 912 4411 quadrant.
1003 4379 1008 4390 ·
