2708 4740
658 322 689 380 II

100 543 161 582 uon
182 528 255 602 peto
282 543 372 601 quam
396 530 432 584 ut
455 528 507 602 qui
533 527 564 585 id
586 524 667 602 quod
698 526 778 582 tanti
805 526 861 583 viri
899 525 1080 586 inchoarunt
1106 526 1247 604 perficere

100 629 225 683 conatus
251 625 306 682 sim
331 644 392 684 non
417 645 541 704 prorsus
566 624 708 702 indignus
734 609 798 684 esse
823 624 936 683 videar.

185 723 377 803 Priusquam
419 725 531 784 librum
556 727 654 804 ipsum
689 725 860 802 aggredior,
897 725 934 783 de
970 725 1121 789 codicibus
1158 746 1247 786 manu

99 825 219 902 scriptis
246 825 354 902 quibus
379 831 514 885 servatus
541 831 587 884 est
612 844 707 903 pauca
732 826 954 902 praemittenda
978 831 1057 884 sunt.

198 923 348 985 Exordiar
373 944 392 984 a
417 926 533 985 duobus
557 925 619 984 illis
639 925 789 984 codicibus
815 925 903 984 modo
916 928 975 984 iam
993 928 1246 984 commemoratis:

99 1023 234 1084 Romano
261 1031 293 1084 et
318 1025 478 1103 Lipsiensi.
531 1023 662 1096 Quorum
695 1025 747 1084 ille
785 1045 803 1083 a
838 1026 963 1084 librario
990 1027 1136 1102 originem
1160 1025 1247 1083 duxit

99 1125 153 1200 qui
178 1125 211 1182 in
237 1126 401 1204 exemplari
431 1126 626 1185 describendo
652 1145 750 1184 acrem
787 1125 907 1203 quidem
939 1128 1041 1203 posuit
1076 1112 1186 1195 curam,
1213 1131 1247 1182 at

97 1215 226 1302 propter
251 1226 439 1284 inscientiam
464 1227 548 1285 varia
573 1227 720 1285 commisit
747 1225 864 1284 menda.
917 1226 973 1284 His
998 1232 1099 1284 autem
1122 1225 1246 1295 mendis,

99 1325 125 1383 si
149 1327 318 1384 accuratius
343 1326 580 1403 perpenduntur,
607 1327 807 1385 demonstrari
841 1325 961 1386 videtur
993 1325 1146 1403 exemplar
1171 1325 1248 1384 illud

98 1423 198 1484 cuficis
212 1431 368 1485 exaratum
379 1425 472 1485 fuisse
487 1417 612 1497 literis¹,
640 1445 764 1503 eamque
790 1427 906 1484 obrem
924 1427 955 1483 in
977 1427 1247 1485 vetustissimorum

97 1524 233 1584 codicum
259 1545 416 1585 numerum
429 1525 621 1586 referendum
646 1545 719 1586 esse.
755 1563 756 1566 =
771 1526 806 1584 In
832 1526 930 1585 altera
943 1530 1031 1603 parte
1049 1527 1156 1602 capitis
1169 1528 1247 1583 sexti

100 1621 143 1701 (ξ.
160 1621 196 1700 8)
216 1632 302 1704 ¹post
329 1626 506 1686 vocabulum
544 1625 624 1704 quod
650 1631 697 1686 est
735 1615 891 1718 wljmlb,
927 1626 965 1684 ab
1001 1627 1043 1685 eis
1069 1628 1122 1704 qui
1147 1629 1246 1684 totum
1318 1612 1320 1619 ’

96 1775 209 1835 librum
234 1777 390 1836 continent
402 1775 553 1836 codicibus
565 1775 716 1844 recedens,
738 1775 833 1834 codex
844 1777 945 1853 pergit
960 1775 1025 1862 &ff
1032 1760 1113 1848 ι’λέὃ,
1141 1775 1249 1834 exinde

98 1895 170 1936 vero
206 1896 243 1935 ex
274 1876 406 1954 abrupto
443 1875 555 1936 desinit
587 1875 633 1936 ita
657 1881 693 1934 ut
718 1875 864 1952 quaedam
902 1876 1088 1935 intercidisse
1113 1874 1261 1954 pateat².'

199 1975 301 2035 (lodex
325 1975 491 2054 Lipsiensis
516 1975 555 2034 ab
581 1977 754 2054 antiquario
787 1976 942 2054 profectus
974 1981 1022 2035 est
1047 1977 1099 2054 qui
1125 1983 1156 2035 et
1183 1977 1248 2053 ipse

98 2079 130 2134 in
156 2077 293 2154 exemplo
310 2075 491 2136 conficiendo
506 2095 646 2153 magnam
671 2075 812 2135 adhibuit
829 2076 1027 2154 diligentiam,
1054 2078 1162 2136 minori
1176 2095 1247 2135 usus

98 2181 145 2235 est
178 2177 300 2254 linguae
332 2177 471 2236 arabicae
505 2177 639 2236 scientia.
691 2175 778 2235 Hunc
813 2196 933 2254 quoque
963 2176 1094 2235 codicem
1129 2181 1247 2255 partem

98 2276 308 2336 tantummodo
339 2276 411 2336 libri
444 2275 590 2354 praebere
625 2275 713 2335 modo
745 2275 905 2348 iamdix13
941 2276 1044 2335 eodem
1077 2279 1156 2334 enim
1181 2295 1247 2334 cum

98 2377 162 2435 cod.
178 2376 314 2436 Romano
340 2377 405 2435 loeo
418 2396 436 2436 a
450 2377 559 2436 ceteris
576 2375 720 2454 exemplis
743 2374 887 2447 deflectit,
917 2376 1023 2435 exinde
1038 2396 1108 2435 vero
1134 2377 1246 2434 iustum

99 2477 188 2536 finem
214 2477 292 2536 libro
312 2477 441 2555 imponit
454 2478 505 2554 qui
530 2478 563 2534 in
589 2478 697 2535 ceteris
722 2475 873 2535 codicibus
899 2479 1044 2556 nusquam
1059 2471 1246 2536 iuvenitur³.

100 2577 148 2635 Ill.
176 2575 330 2637 Pleischer
355 2577 376 2636 l.
404 2577 425 2635 l.
442 2597 473 2655 p.
501 2575 526 2632 V
554 2575 695 2635 laudatos
721 2576 835 2661 codices
860 2582 988 2656 propter
1013 2579 1120 2635 miram
1145 2596 1248 2635 eorum

101 2681 180 2736 iuter
205 2697 269 2737 sese
286 2679 525 2738 convenientiam
547 2677 684 2755 proxima
709 2677 827 2734 iunctos
854 2695 917 2735 esse
943 2683 1044 2735 censet
1058 2678 1247 2753 cognatione.

102 2775 158 2836 Cui
184 2779 351 2838 sententiae
383 2796 507 2855 prorsus
531 2777 696 2847 assentior3
732 2777 773 2837 sic
798 2782 899 2848 autem
925 2778 1130 2853 quaestionem
1155 2775 1248 2835 disso-

204 3050 214 3082 ¹
232 3047 396 3118 Saepissime
410 3051 484 3103 onim
495 3052 600 3119 puncta
608 3051 820 3119 quaevocantur
831 3047 976 3103 diacritica
987 3049 1250 3119 praetermittuntur

102 3153 191 3206 noque
210 3138 238 3190 in
252 3137 392 3193 vocabulis
404 3136 573 3206 vulgaribus,
592 3137 677 3193 immo
686 3135 715 3190 in
726 3136 840 3191 vocibus
850 3137 1002 3204 rarioribus
1016 3135 1167 3206 formisque
1176 3135 1249 3189 diffi-

103 3225 254 3279 cilioribus.
291 3225 351 3294 Qua
375 3243 409 3280 ex
427 3242 458 3279 re
477 3225 583 3280 elucere
600 3224 720 3293 videtur,
744 3225 890 3279 librarium
913 3227 942 3279 in
963 3225 1079 3296 legendo
1098 3226 1249 3295 exemplari

102 3312 218 3367 dubium
236 3331 268 3368 ac
285 3331 447 3384 suspensum
465 3313 583 3367 haesisse
593 3329 708 3383 eamque
719 3313 755 3367 ob
773 3330 899 3383 remque
916 3314 971 3368 fuit
982 3315 1128 3368 severitate
1146 3318 1250 3383 puncta

103 3401 248 3455 diceritica
275 3403 405 3456 omittere
429 3402 557 3455 maluisse
575 3419 658 3470 quam
682 3418 829 3471 perperam
854 3420 965 3471 ponere.
1002 3401 1134 3471 Aguntur
1157 3405 1249 3454 autem

103 3505 151 3541 eae
165 3489 262 3542 literne
280 3506 350 3558 quae
370 3491 398 3544 in
415 3490 554 3558 scriptura
566 3488 652 3544 cufica
670 3489 744 3543 inter
756 3506 813 3544 sese
833 3508 889 3544 non
902 3490 1121 3559 distinguuntur.
1144 3488 1250 3541 Deinde

101 3593 166 3630 vero
184 3575 268 3630 falsae
286 3577 417 3632 lectiones
436 3581 586 3631 occurrunt
611 3594 681 3645 quae
700 3577 838 3646 quomodo
861 3580 984 3647 irrepere
997 3578 1142 3645 potuerint
1159 3593 1174 3628 e
1192 3575 1250 3629 solo

102 3661 254 3732 exemplari
279 3661 367 3720 cufico
385 3663 562 3734 intelligitur,
590 3664 677 3718 veluti
695 3656 784 3741 ἐὕρ
803 3681 856 3733 pro
865 3667 963 3741 ⁸³3?-
984 3663 1047 3716 Alia
1065 3680 1131 3718 saue
1149 3663 1250 3732 quibus

101 3751 187 3807 codex
206 3750 358 3807 maculatus
376 3755 418 3807 est
436 3753 609 3807 mendenen
628 3754 744 3822 possunt
766 3752 833 3819 quin
851 3751 906 3805 iam
924 3751 954 3803 iu
973 3751 1123 3821 exemplari
1142 3769 1174 3806 ex
1195 3769 1249 3820 quo

102 3838 185 3893 fluxit
202 3840 340 3894 exstitisse
360 3840 563 3897 existimentur.

204 3927 215 3958 ²
234 3927 309 3996 Quae
329 3929 459 3997 primitus
477 3935 572 3984 secuta
591 3929 697 3983 fuerint
714 3929 790 3984 illico
809 3945 824 3982 e
842 3927 936 3982 codice
946 3927 1084 3998 Lipsiensi
1103 3927 1249 3996 intelliges.

202 4015 257 4071 ³v.
287 4015 474 4071 Fleischorum
501 4017 520 4071 l.
539 4017 557 4072 l.
576 4036 603 4088 p.
623 4018 666 4085 34,
694 4017 713 4070 l.
733 4018 750 4069 4
769 4034 826 4086 sqq.
858 4033 942 4085 quam
968 4015 1081 4086 quidem
1101 4014 1250 4089 clausulam

102 4104 216 4158 eandem
245 4120 302 4159 esse
329 4108 410 4174 atque
431 4121 488 4158 eam
517 4122 588 4174 quae
613 4106 643 4158 in
662 4103 721 4159 cod.
740 4105 818 4158 Rom.
837 4103 945 4172 (ultimo
967 4102 1042 4171 folio,
1071 4109 1104 4158 ut
1131 4104 1251 4170 videtur,

101 4210 209 4261 pessum
216 4191 293 4261 dato)
303 4190 485 4261 desideratur,
491 4211 524 4247 eo
534 4191 661 4260 officitur,
672 4192 747 4262 quod
757 4192 878 4261 primum
886 4211 902 4246 a
911 4210 966 4261 quo
978 4193 1078 4262 incipit
1087 4191 1249 4246 vocabulum

102 4300 268 4422 (ύῖξᾲῖἐ)
294 4332 447 4388 etiamnum
465 4333 494 4388 in
514 4331 573 4388 cod.
592 4331 674 4387 Rom.
694 4335 792 4387 exstat.
