2708 4740
667 319 739 381 XIV

133 535 212 576 mum
238 517 432 594 profitentem
458 523 490 578 st
515 538 623 596 graeca
648 480 841 597 philosophia
874 518 976 598 aliquo
1008 526 1098 598 pacto
1123 522 1273 582 imbutum

128 623 341 693 argumentum
368 618 439 677 libri
453 639 576 697 prorsus
602 619 742 695 quadrat.
769 619 920 699 Imprimis
946 640 981 679 ea
1007 641 1083 698 quac
1096 642 1160 700 cap.
1179 625 1208 692 6,
1227 626 1269 680 14

126 717 164 776 ds
191 720 380 778 matrimonio
405 724 616 798 proponuntur
642 725 828 798 quantopere
852 742 871 782 a
898 719 1070 781 christiano
1096 722 1271 793 abhorrent,

126 823 286 897 tantopere
310 821 342 879 in
365 818 651 906 Mubammadauum
677 821 798 881 cadunt.
850 822 927 897 Quid
952 821 1073 882 autem?
1100 823 1180 902 quod
1206 843 1270 901 cap.

129 923 160 990 1,
189 921 207 976 7
236 925 269 979 et
293 939 359 996 cap.
389 922 419 991 8,
450 923 542 980 6—-8
577 926 684 999 aperta
710 927 830 982 exstant
856 925 984 999 vestigia
1010 923 1182 1002 theologiae
1208 944 1271 983 mu·

127 1018 365 1117 bammadanae?
400 1020 448 1080 Ita
470 1021 560 1080 robus
587 1024 761 1083 constitutis
786 1023 868 1084 haud
894 1024 1001 1084 dubito
1014 1025 1190 1102 scriptorem
1216 1045 1271 1102 po·

125 1147 240 1207 stularc
269 1145 563 1240 Mubammadanum.

225 1273 360 1331 Patriam
383 1273 539 1350 scriptoris
565 1271 712 1329 indubio
738 1290 827 1348 pono.
880 1271 1033 1332 Flcischer
1057 1276 1078 1332 l.
1104 1275 1124 1332 l.
1151 1294 1181 1352 p.
1199 1272 1270 1331 VIII

129 1373 186 1434 Stil
207 1376 269 1434 aad
292 1375 424 1448 Sprucbc
462 1375 507 1431 ait
546 1375 651 1433 denica
683 1371 741 1442 auf
755 1371 909 1448 newarca
928 1375 988 1432 bia.
1048 1373 1129 1445 Quae
1170 1379 1271 1432 tamen

125 1478 275 1534 sententia
297 1476 424 1539 multum
455 1473 529 1531 mihi
564 1472 675 1533 habere
708 1475 829 1534 videtur
860 1476 1070 1534 dubitationis.
1121 1473 1161 1532 In
1187 1474 1268 1549 stylo

125 1577 281 1654 scriptoris
307 1596 366 1654 quo
392 1572 482 1654 pacto
504 1575 622 1652 patriae
645 1575 708 1633 eius
734 1579 894 1653 vestigium
920 1578 1003 1635 cerni
1025 1576 1120 1652 possit
1146 1594 1269 1651 prorsus

124 1696 185 1734 non
210 1677 306 1736 video.
359 1676 508 1752 Linguam
541 1679 642 1733 autem
668 1675 748 1751 quod
780 1679 902 1747 attinet,
937 1697 981 1735 ea
997 1674 1206 1736 tantummodo
1232 1674 1270 1731 ad

125 1776 253 1836 calculos
277 1779 376 1837 vocari
401 1778 528 1855 possunt
540 1794 616 1852 qnae
640 1779 705 1832 turn
728 1795 819 1852 quum
836 1777 914 1836 liber
926 1777 1041 1854 prodiit
1066 1775 1144 1832 alius
1169 1780 1269 1833 terras

126 1880 268 1936 sermonis
294 1879 427 1956 propria,
454 1876 493 1934 ab
510 1875 597 1934 ‘alius
622 1894 679 1933 usu
705 1876 803 1935 aliena
819 1878 954 1936 fuorunt.
1005 1876 1048 1934 At
1074 1893 1144 1933 vero
1170 1894 1268 1952 neque

125 1982 208 2036 astas
234 1980 399 2056 scriptoris,
431 1981 468 2035 ut
497 1975 579 2034 illico
605 1977 775 2053 apparebit,
808 1983 894 2036 extra
926 1977 1051 2035 dubium
1076 1979 1213 2034 versatur
1238 1980 1269 2032 et

125 2078 253 2137 historia
286 2079 408 2154 linguae
441 2076 578 2135 arabicae
605 2095 669 2134 eam
702 2077 822 2153 quidem
856 2080 889 2136 in
927 2082 1045 2155 partem
1077 2078 1109 2134 in
1134 2074 1268 2135 tenebris

125 2181 204 2238 iacet
214 2185 233 2237 ¹.
286 2178 401 2237 Deinde
436 2177 582 2236 eiusmodi
617 2179 761 2236 sermonis
787 2180 990 2256 proprietates
1022 2171 1054 2235 in
1080 2178 1122 2235 sis
1148 2177 1268 2253 potissi·

125 2298 205 2339 mum
230 2279 382 2338 vocabulis
407 2279 525 2356 positae
549 2282 620 2336 sunt
637 2277 746 2353 quibus
773 2298 820 2337 res
835 2277 1043 2356 significantur
1069 2295 1143 2354 quas
1168 2277 1268 2353 quoti·

125 2378 232 2438 dianus
257 2382 338 2439 vitae
372 2397 443 2437 usus
476 2378 547 2448 fert,
580 2377 682 2453 qualia
717 2379 862 2437 vocabula
897 2381 929 2436 in
964 2382 1068 2436 nostro
1105 2377 1184 2435 libro
1212 2395 1268 2452 pro

51 2507 54 2513 ·
125 2480 271 2557 singulari
295 2481 359 2539 eius
390 2477 491 2537 indole
524 2497 593 2536 raro
619 2483 788 2536 occurrunt.
838 2478 976 2557 'Denique
1010 2477 1160 2536 codicibus
1193 2475 1269 2533 adeo

126 2582 208 2639 inter
239 2600 301 2639 sose
334 2578 549 2638 dissidentibus
584 2597 673 2655 saepe
708 2581 865 2655 quaeritur
902 2583 1005 2638 utrum
1045 2577 1117 2655 quid
1148 2596 1167 2635 a
1196 2575 1269 2634 libri

126 2686 248 2739 anctore
281 2700 319 2739 an
350 2699 368 2738 a
402 2680 501 2738 nescio
527 2697 587 2755 quo
613 2677 738 2737 librario
771 2679 968 2757 repetendum
1000 2679 1050 2737 sit.
1077 2707 1126 2719 -·-
1152 2675 1269 2735 Maiore

126 2781 254 2839 fortasse
279 2783 344 2838 iure
370 2781 565 2856 aegyptiacae
591 2777 688 2836 libelli
713 2780 839 2857 originis
864 2781 1065 2838 coniecturam
1099 2796 1136 2834 ex
1160 2795 1196 2835 eo
1222 2795 1268 2834 oo·

124 2883 205 2958 paris
230 2880 310 2959 quod
333 2885 366 2939 et
380 2879 517 2938 Hermeti
541 2878 709 2937 attributus
736 2883 782 2938 est
807 2885 839 2938 ot
864 2882 896 2938 in
921 2876 1146 2938 Abulbarakdti
1172 2864 1276 2955 (pres-¹

124 2982 225 3058 byteri
257 2977 416 3058 Aegyptii)
453 2979 594 3039 notitiam
620 2981 713 3038 venit.
765 2979 823 3039 Sed
863 2979 1013 3056 explorati
1045 2977 1118 3056 quid
1146 2978 1268 3035 omnino

124 3102 184 3141 non
206 3082 313 3141 habeo.
723 3135 725 3139 .

224 3181 331 3240 Paullo
364 3183 461 3240 minus
493 3178 619 3238 obscura
652 3184 699 3236 est
734 3181 869 3256 quaestio
899 3179 936 3238 de
968 3179 1124 3256 scriptoris
1156 3181 1266 3250 aetate.

233 3417 447 3486 ¹Reperiantur
469 3416 603 3471 vocabula
632 3414 714 3468 hodie
735 3416 808 3483 apud
828 3415 980 3486 Aegyptios
998 3432 1076 3469 more
1103 3419 1130 3468 et
1153 3432 1201 3467 usu
1226 3433 1268 3468 re-

126 3509 213 3573 cepta,
231 3505 297 3558 licet
314 3521 409 3558 vocem
424 3504 569 3572 Aegyptiis
588 3503 754 3573 peculiarem
772 3509 855 3573 atque
876 3503 1031 3573 aSyrorum
1044 3502 1086 3570 (ut
1097 3502 1164 3555 alias
1179 3506 1269 3555 terras

125 3593 356 3662 praetermittam)
375 3591 573 3647 consuetudine
587 3591 705 3644 alienam
725 3608 738 3644 e
761 3591 853 3645 libello
873 3594 969 3644 nostro
989 3588 1073 3643 affere
1087 3592 1214 3644 nesciam.
1234 3621 1267 3628 —

125 3681 194 3736 Sane
216 3699 275 3751 cap.
295 3683 320 3748 9,
340 3682 355 3733 7
373 3667 471 3773 &iiam
509 3695 607 3733 merces
631 3679 749 3748 logitur3
776 3684 806 3732 at
828 3681 919 3732 minus
944 3681 1071 3731 accurate
1093 3678 1269 3734 Burokhardt

125 3769 230 3824 Arabio
248 3769 387 3837 proverbe.
419 3765 538 3820 Lenaea
573 3770 651 3821 1830.
682 3785 708 3835 p.
729 3768 763 3822 79
808 3766 845 3819 Ia
874 3765 958 3835 Syrio
992 3764 1083 3833 inquit
1120 3768 1164 3821 tbc
1200 3772 1267 3820 term

125 3875 188 3946 ὁ),
221 3856 246 3909 is
266 3855 332 3908 asad
347 3860 374 3908 to
385 3869 495 3923 capreas
511 3853 738 3922 „merctoadz'se‘t
757 3855 844 3908 wbicb
855 3854 886 3907 ia
896 3853 992 3923 Epppt
1009 3852 1129 3908 iscatlcd
1155 3844 1266 3934 aalma,

125 3959 190 4028 quia
221 3977 286 4049 ὦ)
304 3959 414 4028 quidem
425 3958 548 4027 (notIone
560 3959 668 4025 mercis)
682 3958 814 4028 Syrorum
826 3959 972 4027 proprium
988 3961 1037 4024 est,
1056 3938 1164 4021 aet-ar
1175 3957 1268 4007 autem

124 4047 241 4102 testibus
267 4050 287 4103 l.
307 4048 448 4118 Berggren
481 4046 570 4101 Guidc
586 4046 808 4113 franceis-arabe
826 4047 957 4115 culpetra.
983 4044 1080 4114 Upsal.
1101 4046 1180 4095 1844.
1200 4059 1220 4094 s.
1241 4060 1267 4095 v.

125 4137 316 4193 murcboadisc
326 4143 354 4192 et
361 4137 393 4190 R.
400 4136 429 4190 P.
438 4136 527 4191 Cuche
537 4137 734 4190 Dictionuuc'rc
743 4135 968 4202 arabe-francas.
981 4133 1203 4189 Beiroutb1862.
1214 4145 1235 4182 a.
1244 4147 1268 4183 o.

124 4232 225 4312 italum
243 4242 453 4313 nonAegyptiis
473 4240 674 4307 tantummodo,
694 4239 839 4295 sedetiam
858 4238 933 4310 Syris
951 4240 1085 4294 usitatum
1109 4232 1157 4289 e'st.
1169 4264 1201 4273 -
1215 4232 1268 4289 Sed

123 4347 176 4407 hoc
196 4348 266 4410 nihil
284 4348 320 4410 ad
333 4365 408 4408 rana:
427 4365 546 4420 namque
563 4347 676 4407 omnino
693 4364 749 4402 non
769 4347 862 4418 agitur
879 4364 944 4402 usus
962 4343 1121 4402 hodiernus.
