2708 4740
653 349 697 407 IX

105 550 281 625 interpretis
306 567 427 605 munere
453 547 541 624 fungi
575 547 712 623 idemque
746 566 861 605 omnem
894 549 1048 607 scientiam
1080 550 1252 610 hominibus

106 649 257 726 aperuisse
284 654 315 705 et
349 649 458 705 artium
494 647 710 722 literarumque
742 653 848 705 auctor
873 652 905 705 et
929 655 1074 724 patronus
1099 671 1162 709 esse
1188 672 1250 710 cre·

105 749 244 808 debatur.
296 748 428 806 Maxima
452 753 552 805 autem
576 747 657 824 apud
684 745 813 805 Graecos
836 750 1019 807 auctoritate
1045 749 1168 809 Hermes
1194 753 1251 810 iste

104 849 343 927 Neoplatonismi
372 846 560 924 temporibus
591 867 661 905 usus
687 854 742 917 est,
770 847 906 906 omnibus
932 851 1053 909 somniis
1079 852 1251 928 vigentibus

104 955 135 1008 et
160 950 278 1008 artibus
305 968 383 1025 quae
406 953 552 1008 vocantur
582 949 707 1022 magicis
734 946 1002 1007 efflorescentibus.
1055 950 1130 1008 Tum
1164 954 1249 1011 innu-

103 1051 178 1108 meri
203 1069 298 1126 paene
328 1050 405 1106 varii
443 1049 562 1123 generis
599 1047 675 1104 editi
708 1053 780 1106 sunt
817 1047 888 1105 libri
921 1048 1080 1120 Hermetis,
1107 1052 1249 1128 antiquae

103 1150 185 1207 illius
219 1149 355 1225 Aegypti
397 1140 564 1225 sapientiae
599 1167 758 1224 personam
793 1150 922 1224 agentis,
955 1152 1073 1208 nomine
1100 1153 1246 1228 insigniti.

102 1249 152 1307 Ex
178 1249 288 1325 quibus
313 1248 474 1324 plurimum
506 1247 608 1306 valent
635 1250 748 1325 scripte
775 1248 921 1324 quaedem
956 1253 1126 1326 argumenti
1152 1252 1248 1328 philo·

101 1350 219 1427 sophici
246 1368 322 1425 quae
356 1352 469 1405 ceteras
508 1347 628 1424 quidem
660 1351 691 1404 in
724 1354 826 1425 partes
852 1349 935 1407 aliud
962 1350 1001 1408 ab
1027 1350 1087 1408 alio
1114 1353 1161 1410 vel
1186 1372 1247 1412 ma·

102 1453 181 1508 xime
207 1448 361 1517 differunt,
393 1467 428 1506 eo
459 1452 559 1506 autem
595 1450 674 1505 inter
701 1469 764 1506 sese
797 1455 968 1524 congruunt
1004 1451 1085 1527 quod
1111 1457 1248 1512 auctores

102 1572 118 1608 e
145 1552 235 1608 variis
269 1549 439 1606 rationibus
470 1568 504 1604 ac
546 1547 711 1624 disciplinis
749 1549 847 1605 libant
891 1550 1088 1627 quodcunque
1125 1555 1250 1612 maxime

101 1652 240 1710 veritatis
263 1650 361 1726 specie
398 1667 449 1705 eos
476 1649 571 1706 movit
598 1650 717 1724 istaque
742 1649 855 1725 placita
881 1649 920 1707 ad
952 1652 1032 1708 vitae
1068 1671 1152 1709 usum
1180 1673 1248 1710 con·

101 1749 226 1808 ferenda
248 1754 355 1808 curant
370 1737 389 1804 ¹.

200 1851 228 1908 A
243 1849 363 1907 Graecis
381 1845 653 1922 (intercedentibus
667 1846 764 1922 Syris)
792 1847 944 1907 Hermetis
970 1850 1050 1907 fama
1075 1851 1113 1908 ad
1131 1851 1249 1912 Arabes

102 1949 208 2027 (atque
233 1950 336 2007 abeis
359 1949 398 2006 ad
420 1945 560 2022 Iudaeos)
586 1950 738 2024 migravit.
790 1948 880 2025 Apud
907 1970 981 2025 quos
1006 1971 1118 2009 summa
1144 1951 1249 2012 floruit

101 2050 250 2109 claritate.
302 2049 402 2106 Missis
425 2055 526 2106 autem
551 2049 654 2106 multis
679 2049 741 2106 illis
766 2054 798 2107 et
816 2051 906 2107 variis
932 2071 1009 2127 quae
1034 2052 1115 2128 apud
1132 2053 1249 2112 Arabes

101 2151 138 2208 de
172 2171 207 2209 eo
238 2149 380 2207 feruntur
410 2139 553 2219 fabulis²,
597 2150 699 2225 paucis
733 2168 881 2226 exponere
913 2152 1007 2222 iuvat,
1045 2172 1119 2228 quas
1145 2160 1249 2231 partes

101 2251 269 2309 obtinuerit
294 2251 325 2306 in
351 2249 485 2308 Arabum
511 2250 618 2306 literis.

201 2349 245 2408 De
259 2349 535 2427 philosophicorum
552 2349 672 2406 illorum
700 2368 825 2425 quorum
850 2349 938 2407 modo
951 2354 1132 2410 mentionem
1158 2355 1246 2412 inieci

101 2451 247 2509 librorum
280 2449 518 2508 Hermeticorum
554 2449 861 2526 interpretationibus
896 2452 1023 2510 arabicis
1058 2452 1134 2510 nihil
1167 2473 1245 2511 com·

100 2557 220 2629 pertum
246 2555 301 2608 est.
355 2549 463 2607 Tradit
488 2549 608 2625 quidem
634 2541 877 2618 Borhebraeus3,
904 2571 1054 2609 sermones
1078 2555 1159 2611 inter
1171 2552 1246 2611 Her·

109 2741 303 2748 ...-.-.--—--

206 2855 273 2908 ¹De
302 2855 365 2913 istis
389 2854 468 2907 libris
497 2871 616 2922 quorum
646 2853 771 2906 nonnulli
802 2853 965 2922 fragmentis
987 2855 1179 2909 tantummodo
1200 2861 1249 2910 aut

100 2943 272 2996 versionibus
290 2941 384 2995 latinis
403 2941 438 2994 ad
449 2947 572 2994 nostram
583 2946 768 3009 pervenerunt
780 2946 907 3009 aetatem,
921 2946 952 2994 ut
962 2942 1111 2996 veteriores
1128 2943 1248 3012 mittam,

99 3036 187 3099 agunt
206 3030 263 3085 VV.
282 3030 320 3082 Cl.
341 3028 650 3098 Baumgarten·Crusius
680 3029 720 3082 De
739 3029 874 3082 librorum
902 3029 1123 3083 Hermeticorum
1140 3032 1249 3100 origine

100 3124 184 3188 atque
203 3118 303 3172 indole.
341 3119 421 3171 lenae
442 3118 518 3171 1827.
548 3117 674 3185 (Progr.),
692 3117 722 3170 Β.
744 3118 764 3169 Ι.
784 3117 894 3186 Hilgers
913 3117 952 3170 De
972 3118 1110 3170 Hermetis
1129 3119 1247 3172 Trisme·

99 3210 167 3277 gisti
198 3208 363 3261 Poimandro
381 3209 586 3261 commentatio,
622 3208 734 3260 Bonnae
754 3209 830 3261 1855.
855 3208 984 3277 (Paga),
1007 3209 1038 3263 L.
1058 3210 1174 3264 Menard
1193 3211 1247 3265 Les

97 3297 180 3350 liores
198 3295 337 3352 curamus
357 3295 537 3364 Trismeqiete.
557 3297 587 3348 in
605 3296 694 3349 annal.
715 3295 806 3350 Revuc
824 3297 871 3350 des
889 3298 961 3352 deux
977 3299 1097 3352 moedee·
1117 3305 1180 3354 tom.
1200 3303 1245 3354 62.

98 3385 164 3451 (186
176 3386 214 3450 6.)
234 3402 261 3451 p.
280 3385 431 3450 870-907,
458 3401 527 3452 quae
553 3386 748 3436 commentatio
774 3385 923 3453 praemissa
952 3390 993 3438 est
1021 3387 1142 3440 auctoris
1169 3388 1248 3455 operi

99 3471 212 3525 Hermes
245 3471 425 3539 manaurae.
457 3471 628 3525 staduction
656 3473 791 3540 complete,
820 3473 949 3542 precedes
986 3473 1065 3528 d'uoc
1093 3474 1172 3528 stude
1198 3490 1248 3528 sur

97 3560 223 3629 l’oriyiuc
234 3560 374 3614 certares
387 3560 570 3628 semotique.
591 3559 675 3613 Paris
685 3564 757 3614 1866
763 3581 773 3627 ,·
791 3565 818 3615 2.
837 3561 878 3616 td.
898 3563 964 3616 Pur.
980 3566 1069 3626 1867..
1087 3562 1121 3615 H.
1135 3561 1247 3615 Kellner

97 3650 280 3706 Helleniemus
311 3651 370 3704 aad
394 3649 606 3705 Obmstentbum.
646 3649 722 3704 Koln
741 3654 822 3705 1866.
851 3669 878 3719 p.
904 3653 957 3704 237
985 3669 1053 3720 sqq,
1077 3651 1098 3706 1.
1125 3652 1247 3720 Bernays

97 3741 156 3795 Der
173 3745 254 3794 anter
271 3739 429 3809 Apuleiana
453 3739 564 3794 Werkcu
588 3738 712 3792 stchendc
729 3739 835 3808 Dialoq
853 3739 1007 3809 Asclepius.
1024 3739 1123 3794 Berlin
1141 3744 1219 3794 1871.

200 3827 295 3880 ‘Post
320 3827 544 3896 Sanguinettium
567 3832 598 3884 in
625 3845 688 3880 ann.
715 3825 834 3882 Journal
861 3827 1016 3897 Asiatiquc.
1040 3831 1066 3882 5.
1084 3843 1135 3882 scr.
1153 3834 1173 3882 t.
1192 3827 1246 3882 IV.

97 3915 192 3983 (Paris
202 3915 292 3982 1854.)
311 3933 336 3983 p.
360 3916 410 3969 185
432 3933 490 3986 sqq.
510 3916 547 3970 GL
573 3915 736 3970 tholsohn
754 3914 811 3968 Dic
821 3914 931 3969 Scabies
949 3915 1007 3968 aad
1018 3915 1065 3969 der
1082 3914 1245 3970 sauciamus.

96 4001 136 4056 st.
150 4003 400 4072 Petersbur91856.
419 4004 439 4057 Ι.
452 4021 478 4073 p.
490 4004 542 4057 787
557 4021 614 4073 sqq.
628 4004 728 4057 molem
740 4003 878 4072 quandam
891 4004 1058 4072 scriptorum
1072 4005 1246 4057 arabicorum

96 4089 131 4143 de
144 4089 275 4143 Hermete
292 4091 418 4144 locorum
434 4093 572 4161 congessit
582 4095 640 4145 tam
658 4105 787 4161 magnam
805 4109 888 4160 quam
900 4091 996 4144 rudem
1018 4091 1246 4160 indigestamque.

200 4177 302 4232 ΒΗὶεὴ.
319 4178 462 4247 compend.
485 4179 597 4248 Dynast.
617 4178 695 4232 auth.
715 4178 797 4248 Greg.
817 4179 1044 4248 Abul-Pharajio.
1063 4178 1104 4232 ed.
1122 4178 1246 4233 Pococke

95 4264 182 4319 Oxou.
202 4265 278 4321 1663.
311 4285 338 4336 p.
359 4268 400 4334 10,
423 4266 478 4320 12
510 4285 584 4336 sqq.;
609 4267 640 4320 in
670 4267 776 4336 syriaco
803 4267 933 4322 chronico
960 4295 994 4306 -
1020 4266 1082 4320 edd.
1108 4266 1199 4320 Bruns
1217 4269 1246 4319 et

94 4347 194 4409 Kirsch
211 4353 287 4423 Lips.
308 4354 384 4410 1789.
405 4372 431 4424 p.
453 4355 477 4423 5,
495 4355 512 4408 1
534 4357 565 4410 ll
584 4372 644 4424 sqq.
673 4384 704 4394 -
723 4353 796 4409 idem
814 4355 888 4411 illud
905 4372 966 4409 non
980 4354 1136 4409 inuenitur.
