2708 4740
700 305 743 361 28

148 503 253 580 sophia
289 506 317 560 in
356 504 539 580 theologiam
573 510 636 564 tum
669 506 985 566 Muhammedanorum
1020 512 1083 564 tum
1115 506 1298 565 Iudaeorum

148 605 324 662 exercuerit.
352 603 729 664 Hamb.1835—-37.1.
756 627 786 684 p.
805 611 847 667 17
871 608 975 666 mundi
1003 608 1168 680 corporalis
1191 606 1235 664 ait
1257 604 1300 663 cd

146 723 211 763 cum
231 705 379 774 muudum,
414 706 450 764 de
473 725 529 780 quo
551 708 635 766 modo
656 708 785 767 decimus
808 738 857 750 -
882 727 920 765 sc.
943 710 1084 768 mandram
1106 712 1151 768 rei
1174 703 1298 779 (realis)

146 810 232 880 atquc
254 807 423 882 unpclorum
444 837 504 878 —‚
526 812 668 869 rationem
682 810 777 881 talem,
799 811 895 884 qualis
909 811 1029 870 umbrae
1051 811 1092 869 ad
1114 828 1225 884 corpus
1243 811 1295 869 bc·

146 909 241 976 minio,
265 925 324 967 esec
344 895 453 978 scilo¹3
471 910 549 969 idem
562 913 657 972 simile
673 912 925 972 Al·Shabrasttnl
936 913 957 970 l.
972 912 992 969 l.
1004 932 1035 989 p.
1054 913 1136 983 210,
1154 911 1172 969 5
1190 911 1295 970 ortho-

147 1007 226 1065 doxo
260 1027 326 1066 cum
352 1007 467 1093 sabaeo
497 1011 666 1090 disputanti
698 1014 809 1072 tribuit
841 1033 894 1072 nec
926 1032 986 1072 non
1011 1011 1081 1070 Abu
1107 1011 1296 1071 Sulaimtnio

132 1128 245 1174 ,vocem
273 1107 394 1167 Plotino
420 1111 566 1169 tributam
593 1115 808 1189 interpretanti
831 1134 861 1190 p.
889 1114 969 1182 335,
997 1115 1095 1189 lsqq.

246 1205 273 1282 ξ.
306 1212 459 1268 10-14.
493 1210 572 1267 Mira
598 1211 745 1287 quaedam
770 1213 935 1273 similitudo
961 1231 1042 1290 quae
1063 1216 1164 1270 tamen
1191 1210 1295 1288 aliquo

147 1312 236 1384 pacto
263 1309 378 1365 accedit
405 1309 443 1366 ad
470 1309 593 1369 Fratres
620 1311 756 1370 Sinceros
783 1314 834 1388 qui
860 1315 989 1372 animam
1014 1313 1046 1370 in
1071 1311 1163 1371 rebus
1188 1310 1293 1369 huma·

146 1409 191 1464 nis
218 1412 384 1465 versantem
411 1413 442 1466 et
463 1430 589 1488 corpore
611 1411 756 1471 inclusam
781 1412 941 1472 conferunt
966 1416 1058 1473 ciuem
1080 1415 1186 1473 weisen
1204 1419 1295 1489 quien

145 1508 243 1567 Mareu
267 1511 299 1567 iu
325 1512 405 1568 cicer
431 1510 565 1582 fremdcn
590 1513 686 1588 Seuer,
716 1516 771 1575 der
799 1516 869 1575 aber
897 1515 991 1575 dssrcb
1017 1515 1065 1574 die
1096 1514 1188 1575 Licbe
1214 1516 1293 1574 anca

144 1607 305 1667 ibericblcu
331 1609 532 1686 scblbpfripeu
563 1613 675 1673 Wcibes
697 1631 753 1673 con
781 1614 950 1677 schlecbiem
973 1613 1135 1675 oraraua
1159 1615 1294 1675 cumulet

144 1709 229 1766 nard.
260 1709 349 1767 Diesc
367 1710 449 1768 sucht
468 1712 519 1769 ltu
539 1711 741 1782 fortwltbrend
763 1716 815 1772 mit
836 1714 987 1773 lteblicbcu
1009 1711 1132 1786 speum
1152 1714 1215 1773 aad
1235 1712 1291 1774 Ge·

145 1809 277 1881 trustes,
307 1812 359 1867 mil
386 1811 560 1886 prbcbb'qea
589 1810 735 1871 Klmdern
759 1813 823 1871 aad
851 1813 1004 1888 niedrs'pcn
1031 1804 1199 1888 Beuie'rdea
1228 1813 1293 1872 uad

145 1907 353 1983 auspepuletcn
388 1911 588 1970 Wobnstditen
620 1930 659 1971 ru
689 1912 797 1972 lockcn.
848 1915 914 1972 Der
948 1911 1053 1983 feriter
1081 1914 1167 1971 wciee
1195 1911 1292 1971 Musca

144 2010 257 2069 wandel
282 2002 363 2069 donn
388 2013 482 2071 durch
509 2012 558 2071 dic
585 1999 776 2088 praecelsis!
796 2015 878 2072 ihrer
899 2013 990 2072 Lista
1010 2012 1194 2088 und'procse
1221 2013 1290 2072 Ver·

147 2110 278 2185 suebunp
304 2102 438 2181 vesftt'rt
466 2111 524 2171 alle
549 2114 629 2172 scine
650 2113 742 2188 Serpa
769 2112 888 2186 durans,
917 2113 984 2171 ihre
1002 2112 1229 2188 Anyclepenbcil
1253 2130 1291 2172 ru

145 2212 266 2282 mdccc,
286 2229 319 2271 so
339 2212 409 2272 does
429 2230 462 2271 er
480 2213 568 2274 selbst
588 2216 684 2274 macr
704 2213 881 2282 Vetustate,
904 2215 1000 2272 sciam
1020 2197 1213 2272 Vbrseandtea
1228 2212 1291 2272 use

143 2311 225 2369 uror
236 2311 312 2371 cute
325 2313 455 2388 eaque.
483 2331 532 2391 ap.
547 2312 742 2373 Dietsrieium
761 2316 820 2375 na
833 2311 1070 2387 calnomum.
1082 2331 1113 2389 p.
1129 2299 1288 2372 132².-

145 2409 190 2469 De
216 2415 315 2471 anima
345 2413 433 2472 modo
460 2414 498 2473 ad
524 2415 673 2474 rationem
708 2413 796 2474 modo
827 2413 867 2472 ad
898 2417 1037 2472 naturam
1068 2430 1100 2471 se
1125 2402 1289 2472 inclinante

146 2507 187 2586 (ξ.
207 2509 267 2587 10)
289 2513 327 2571 cf.
356 2511 480 2573 Fratres
506 2513 642 2574 Sinceros
668 2535 717 2594 ap.
743 2514 936 2574 Dieterioium
962 2513 1022 2572 Die
1044 2512 1142 2573 Debre
1158 2500 1219 2573 eon
1238 2514 1291 2574 der

152 2611 309 2673 Waltecele.
327 2633 357 2690 p.
378 2616 432 2672 14.
1310 2639 1314 2644 ·

146 2768 343 2776 *ψη-...ψ-

245 2854 253 2883 ¹
272 2852 421 2922 Perperam
446 2852 556 2907 Francis
580 2851 636 2906 Dic
658 2850 789 2906 Kubbclu
811 2866 838 2904 a.
865 2848 892 2904 d.
919 2848 1051 2905 stantes.
1081 2851 1213 2907 ubernent
1237 2867 1289 2921 con

143 2941 262 2997 Geliacb.
281 2941 349 3011 Lpr.
368 2944 445 2997 1844.
465 2958 492 3010 p.
504 2941 539 2993 84
557 2938 710 2995 Tholuckio
729 2937 879 3008 exprobrat
902 2938 980 3008 quod'
998 2939 1083 2993 istum
1102 2938 1289 2994 Al-Ghszzslii

142 3029 233 3084 locum
251 3046 314 3083 cum
331 3027 594 3097 Neoplatonioorum
612 3028 721 3098 planitie
739 3044 792 3082 nec
809 3027 901 3095 potius
920 3043 983 3081 cum
1002 3027 1156 3096 praeceptis
1175 3030 1289 3082 sectato·

142 3133 206 3170 rum
223 3115 377 3170 Zoroastris
401 3115 559 3183 contulerit,
584 3116 632 3185 qui
656 3115 687 3168 in
712 3114 852 3169 desselben
870 3113 1051 3169 Ausdriicbea
1076 3143 1108 3154 -
1133 3112 1226 3168 isdem
1251 3113 1290 3168 sic

143 3205 203 3260 sicb
214 3205 334 3260 atmiicb
351 3205 488 3260 marciban
501 3205 599 3260 Bildcs
617 3205 758 3259 eruente·
777 3232 808 3244 -
828 3204 880 3258 das
892 3201 1104 3272 Gnadpriucip
1121 3202 1193 3257 mes
1205 3201 1289 3258 Glau-

143 3293 207 3347 teas
232 3291 390 3348 dorstetltca
414 3297 486 3347 teste
504 3292 555 3346 Th.
574 3292 665 3362 Hydio
684 3293 808 3347 Historia
832 3292 975 3362 religionis
993 3295 1117 3345 veterum
1135 3290 1289 3361 Perearum.

143 3377 230 3434 Onon.
253 3381 330 3433 1700.
353 3397 380 3448 p.
394 3381 446 3433 299
471 3378 526 3449 (ap.
552 3397 634 3450 quem
658 3397 685 3448 p.
699 3379 842 3433 298-300
868 3397 947 3434 versa
973 3380 1081 3434 invenis
1106 3395 1176 3448 quae
1201 3377 1289 3433 refert

143 3466 371 3521 Al·Shahrasttni
388 3467 406 3520 l.
424 3467 442 3520 1
460 3485 488 3537 p.
504 3468 563 3535 185,
586 3466 754 3535 8-188‚1).
792 3467 904 3521 Etenim
923 3467 1077 3521 Zoroastris
1102 3467 1219 3521 asseclae
1237 3468 1290 3520 ista

143 3553 325 3608 similitudine
341 3571 454 3623 prorsus
472 3553 548 3608 aliud
567 3554 635 3624 quid
653 3555 751 3608 volunt
770 3572 853 3624 quam
871 3555 1048 3610 Al-Ghazzeli
1067 3583 1099 3594 --
1120 3570 1171 3609 rur
1183 3553 1288 3608 Natur-

143 3641 371 3712 uotbweuds'ptcit
394 3641 442 3696 der
465 3642 600 3696 Enistenr
621 3643 666 3709 (sc.
687 3641 768 3711 lucis)
789 3643 886 3711 petere
911 3641 960 3696 der
978 3641 1128 3710 chcasate
1147 3638 1194 3708 (sc.
1214 3644 1288 3695 tene·

142 3729 266 3796 brarum)
289 3729 483 3785 Haarbriicker
504 3729 523 3783 l.
542 3729 559 3782 l.
578 3729 600 3783 1.
618 3747 645 3798 p.
664 3731 716 3782 282
734 3758 776 3796 -‚
802 3728 877 3783 idem
899 3732 991 3782 autem
1014 3728 1089 3798 quod
1112 3726 1288 3782 ill-chanst

143 3815 279 3871 Platonici
296 3818 389 3886 graeci
407 3818 510 3871 iterum
527 3821 611 3885 atque
629 3818 730 3870 iterum
752 3815 848 3870 eadem
867 3817 988 3884 imagine
1006 3816 1179 3884 exprimunt:
1199 3831 1289 3869 exem·

143 3903 190 3973 pla
207 3903 319 3974 collegit
336 3904 454 3959 &enzer
470 3904 489 3958 l.
501 3905 519 3958 l.
532 3923 560 3973 p.
572 3905 625 3957 203
637 3921 696 3974 sqq.
714 3933 746 3943 -
766 3903 834 3958 Cum
853 3904 1008 3958 Zoroastris
1026 3903 1208 3957 sectatoribus
1226 3919 1289 3957 ean·

143 3991 206 4048 dem
224 4010 283 4048 rem
301 3993 396 4049 eodem
415 3994 499 4048 simili
517 3993 638 4063 explicat
654 3993 731 4047 Mani
749 3994 824 4063 apud
835 3992 1111 4048 Al-Shahrnstsnium
1129 4010 1157 4062 p.
1173 3992 1224 4046 188
1237 4007 1258 4044 s.
1269 3990 1288 4045 f.

244 4132 424 4187 ²Proverbia
450 4151 520 4204 quae
545 4139 610 4189 sunt
640 4148 718 4212 vi)
747 4098 828 4214 με
860 4132 930 4182 &aa
964 4125 1031 4218 ΜΞ
1064 4122 1155 4179 iia-<13
1190 4113 1288 4196 lgioll

146 4214 241 4321 fibi
267 4234 336 4289 Μ
353 4235 407 4307 (ap-
419 4236 602 4307 Freytcgium
616 4236 634 4290 l.
651 4236 731 4292 1111.
750 4236 1004 4306 p.159n.965)st
1025 4238 1115 4289 urin*
1138 4238 1203 4290 mu
1225 4221 1288 4291 ¹2:1³

141 4324 196 4394 (ap.
213 4322 365 4381 Dukeeium
383 4322 401 4379 l.
420 4322 437 4378 1.
455 4323 514 4396 pt
533 4342 560 4380 n.
572 4323 600 4394 4)
618 4323 694 4380 illam
713 4323 923 4380 similitudinem
941 4339 997 4379 non
1016 4321 1167 4394 attingunt.
