2708 4740
646 345 688 403 VI

101 550 126 605 si
152 547 212 605 alia
239 547 367 624 quadam
393 567 429 605 ex
454 563 543 604 causa
575 549 742 603 memoratu
767 546 860 622 digna
886 566 949 604 esse
975 548 1039 605 visa
1064 553 1145 605 sunt.
1173 547 1246 607 Ubi·

98 667 216 725 cunque
241 652 343 705 autem
369 666 387 705 a
412 645 563 704 codicibus
588 647 695 703 recessi
725 647 858 722 ipsorum
885 647 1028 704 lectiones
1054 667 1170 724 semper
1195 668 1246 705 ex·

99 747 195 818 hibui‚
221 748 279 805 nisi
304 767 375 806 vero
389 746 467 805 tales
493 745 617 804 fuerunt
642 745 745 823 quales
759 752 867 821 ,utrum
881 752 911 805 et
924 747 1072 823 quomodo
1086 747 1246 805 mutandae

101 853 199 906 essent
227 849 258 904 in
283 853 427 924 promptu
453 847 521 904 fuit.
561 843 597 903 In
622 848 725 923 paucis
751 865 821 904 vero
841 847 946 905 formis
972 830 1144 906 verbalibus
1170 867 1247 924 quae

100 947 139 1006 ob
167 949 334 1006 cretionem
359 951 508 1025 perpetuo
534 945 572 1003 ad
598 947 727 1004 animam
752 944 924 1006 conversam
952 929 1117 1006 sescenties
1145 967 1245 1005 occur-

99 1053 173 1106 runt
199 1047 378 1125 eaedemque
404 1048 436 1104 in
462 1045 522 1104 alio
549 1046 649 1104 codice
675 1045 765 1104 aliter
787 1045 877 1105 scribi
901 1046 1008 1118 solent,
1034 1049 1124 1105 missa
1148 1047 1247 1107 diver·

99 1150 201 1218 ritate,
228 1168 319 1206 unum
338 1147 489 1206 scribendi
514 1145 635 1204 modum
660 1151 835 1205 constanter
848 1149 942 1205 tenui.
977 1148 1040 1206 Sec.
1063 1168 1141 1224 pers.
1169 1149 1245 1224 sing.

98 1245 169 1306 fem.
196 1248 274 1326 perf.
308 1266 383 1324 quae
408 1249 440 1306 in
465 1244 500 1304 B.
527 1265 624 1324 paene
649 1265 774 1324 semper,
801 1249 833 1305 in
859 1246 896 1305 R.
924 1253 956 1306 et
981 1246 1016 1306 L.
1050 1254 1152 1306 autem
1178 1266 1247 1305 raro

709 1361 753 1384 On

99 1395 318 1466 tantummodo,
345 1397 377 1454 in
403 1395 452 1455 W.
479 1414 631 1474 nunquam
657 1389 755 1484 &sss
790 1396 932 1456 scribitur
965 1395 1139 1472 (secundum
1175 1399 1246 1455 scri-

100 1550 233 1627 ptionem
249 1542 460 1621 recentiorem)
487 1545 571 1605 nulio
596 1565 657 1605 non
670 1547 735 1605 loco
756 1536 848 1610 udi&
869 1549 983 1624 scripsi.
1011 1546 1132 1606 Suffixis
1147 1553 1248 1605 eutem

101 1647 322 1718 accedentibus,
338 1646 468 1706 eiusdem
493 1645 608 1705 formae
621 1646 753 1706 vocalem
763 1653 775 1708 a
784 1647 873 1725 plene
881 1650 988 1724 scripsi
1002 1645 1125 1733 (affixi,
1139 1643 1248 1721 qaus

100 1745 183 1824 ete),
210 1751 323 1826 quippe
350 1766 409 1824 que
431 1747 464 1806 in
488 1767 520 1804 re
534 1765 637 1806 omnes
663 1747 778 1806 codices
793 1750 981 1818 conveniant,
1008 1749 1066 1805 nisi
1091 1747 1172 1824 quod
1198 1747 1246 1806 W.

100 1867 314 1927 nonnunquam
349 1848 504 1924 antiquam
535 1847 728 1925 scriptionem
761 1839 854 1930 sales,
890 1840 983 1923 ipsus
1015 1852 1071 1905 eto.
1105 1849 1246 1906 servavit.

105 1997 241 2077 Denique
265 1995 347 2076 quod
372 1995 482 2055 ⁰⁰di⁰i⁸
506 1993 542 2054 B·
568 1997 725 2075 proprium
751 2003 807 2067 est,
834 1998 961 2056 formam
981 1961 1106 2080 miii,
1123 1960 1249 2072 [tuliiu

104 2153 161 2207 ete.
184 2146 363 2207 contrahere
389 2149 421 2206 in
440 2135 552 2230 mse,
580 2137 690 2224 ipse
715 2153 784 2218 etc,
810 2148 842 2206 in
853 2147 1248 2224 annotationibus'praeter-

100 2300 176 2357 misi.
228 2298 312 2357 Alias
347 2296 563 2375 discrepantias
595 2315 672 2374 quae
709 2296 748 2355 ed
773 2297 922 2356 scribendi
957 2297 1106 2355 rationem
1132 2297 1249 2354 faciunt

99 2418 217 2477 semper
242 2397 394 2456 annotavi.
420 2395 456 2457 In
481 2397 653 2456 universum
670 2402 771 2456 autem
792 2396 977 2456 exhibendae
1003 2397 1139 2456 lectionis
1153 2400 1247 2456 verie-

99 2500 159 2558 tati
184 2517 245 2558 non
267 2499 355 2555 nimis
368 2497 489 2556 modum
512 2517 559 2556 me
573 2497 764 2556 constituisse
790 2516 987 2575 unaquaeque
1003 2496 1113 2555 clamet
1125 2499 1247 2574 pagina.
1333 2486 1341 2503 ‘

99 2597 274 2678 speciminis
302 2617 391 2656 causa
426 2599 458 2656 in
483 2595 591 2655 ultima
623 2602 712 2675 parte
742 2616 807 2674 cap.
838 2601 893 2655 14.
923 2593 964 2673 (ξ.
985 2595 1154 2672 14-15),
1189 2617 1247 2674 quo

100 2699 167 2758 loco
190 2702 312 2776 praeter
338 2695 424 2756 codd.
452 2695 487 2755 B.
503 2702 536 2755 et
548 2694 597 2757 W.
619 2695 795 2755 collationes
820 2696 905 2756 codd.
933 2697 971 2754 H.
986 2702 1017 2756 et
1043 2696 1076 2754 P.
1092 2685 1245 2754 consilere

102 2799 176 2858 mihi
201 2798 295 2869 licuit,
323 2817 439 2856 omnem
465 2797 637 2880 scriptionis
663 2795 869 2856 diversitatem
895 2799 994 2856 textui
1019 2797 1123 2855 adieci.

200 2898 371 2977 Disputatis
399 2896 551 2956 codicibus
577 2915 667 2955 manu
698 2898 819 2973 scriptis
852 2900 912 2956 iem
947 2897 986 2956 ad
1012 2897 1122 2955 librum
1150 2897 1246 2971 ipsum

100 3004 268 3058 convertor.
1171 3056 1174 3062 Δ

201 3099 422 3176 Argumentum
463 3098 526 3154 eius
567 3101 705 3155 versetur
741 3098 773 3154 in
815 3095 1069 3165 admonitionibus
1110 3085 1247 3154 animae¹

100 3200 265 3276 propositis
278 3205 309 3258 et
323 3197 361 3255 ad
385 3199 478 3256 vitam
494 3195 712 3274 spectantibus.
739 3195 774 3253 In
795 3216 893 3254 mores
906 3197 1001 3272 igitur
1020 3196 1248 3255 conformandos

102 3300 232 3376 scriptor
257 3298 421 3368 incumbit;
459 3317 494 3355 ea
520 3316 596 3374 quae
630 3298 663 3354 in
694 3295 758 3354 sola
784 3298 956 3374 cognitione
982 3297 1082 3373 posita
1108 3305 1179 3356 sunt
1204 3317 1248 3354 se·

101 3398 213 3459 cundas
240 3398 448 3458 tantummodo
474 3403 577 3475 partes
603 3402 700 3474 egunt
726 3396 773 3455 vel
793 3399 895 3474 potius
921 3398 1041 3454 omnino
1061 3402 1248 3474 postponun-

101 3505 163 3558 tur.
214 3500 359 3558 Doctrina
393 3504 495 3556 autem
528 3517 617 3575 quam
653 3495 815 3574 profitetur
847 3515 969 3574 prorsus
1006 3498 1146 3554 convenit
1184 3516 1248 3552 cum

101 3599 221 3677 placitis
247 3599 542 3677 Neopletonicorum.
572 3595 695 3655 Cunctis
721 3598 817 3674 igitur
843 3597 965 3654 monitis
1000 3594 1104 3654 subest
1129 3617 1249 3674 praece-

101 3705 187 3778 ptum
214 3700 305 3776 fugae
331 3718 524 3776 eorumquae
540 3697 596 3755 sub
609 3715 713 3755 sensus
727 3695 847 3754 cedunt.
871 3695 1008 3753 Antehac
1022 3697 1121 3754 anima
1148 3697 1248 3754 condi·

101 3801 184 3858 tione
214 3818 268 3858 usa
294 3805 340 3858 est
372 3798 419 3857 vel
454 3800 581 3856 maxime
609 3797 689 3855 felici
727 3801 758 3854 et
783 3795 893 3867 beata;
930 3797 961 3853 in
1002 3796 1113 3854 mundo
1150 3817 1250 3855 rerum

103 3971 299 3980 —-—-—-..

205 4052 214 4083 ¹
231 4050 374 4120 Intelligas
392 4051 511 4105 animam
524 4050 681 4113 humanam,
701 4065 756 4104 non
769 4050 890 4104 animam
908 4049 1052 4119 scriptoris
1062 4047 1157 4116 ipsias,
1176 4045 1252 4115 quod

100 4189 215 4242 librario
236 4188 339 4244 codicis
352 4188 396 4242 W.
406 4191 496 4242 visum
515 4192 557 4242 est
575 4189 624 4257 qui
640 4187 743 4242 librum
753 4186 898 4242 exorditur
924 4153 1013 4262 &3⁸3
1044 4169 1184 4268 OJiobiii
1210 4169 1249 4244 dii

571 4299 1250 4443 &WQQWQQ
