2708 4740
647 329 704 391 XV

101 532 229 592 Praesto
262 533 341 590 enim
374 537 446 591 sunt
480 538 617 611 tempora
649 536 830 613 scriptorum
865 534 927 612 qui,
958 536 994 590 ut
1029 548 1121 607 supra
1146 524 1241 625 docui,

98 634 209 693 librum
235 635 388 710 cognitum
403 633 584 693 habuerunt.
608 633 741 730 Iiddsohi
768 634 877 693 Chelis
894 637 1030 692 mortuus
1056 633 1102 688 est
1127 647 1154 685 3.
1170 624 1241 684 Chr.

102 759 208 818 1658.
244 758 459 818 Abnlbarekdt
490 765 592 818 sutem
617 767 698 819 certe
731 763 833 838 priore
866 764 954 838 perte
989 755 1100 816 saeculi
1137 752 1243 810 decimi

99 862 202 938 quarti
227 850 362 920 floruit¹.
388 860 446 919 Ibn
472 858 534 919 Abi
552 851 684 957 Useibi‘a
710 861 838 938 denique
849 861 927 919 obiit
940 862 1063 918 ineunte
1089 853 1241 913 31270.

98 983 265 1062 Aliquanto
291 987 387 1062 igitur
411 991 482 1044 ante
501 988 631 1064 scriptor
656 972 762 1046 vixit².
776 986 887 1045 —Ex
912 985 1009 1043 altere
1029 988 1130 1042 autem
1155 983 1243 1057 parte

98 1084 220 1144 libellus
255 1091 325 1164 post
351 1087 551 1164 conscriptum
581 1107 657 1167 opus
684 1086 761 1145 illud
793 1086 1072 1164 encyclopaedicum
1097 1081 1243 1161 prodiisse

100 1183 230 1255 videtur,
258 1206 318 1263 quo
353 1187 517 1245 inclinante
547 1188 664 1247 saeculo
703 1188 816 1246 decimo
851 1185 974 1245 Fratres
1012 1186 1064 1262 qui
1099 1185 1243 1242 vocantur

99 1283 215 1344 Sinceri
241 1305 296 1364 per
322 1299 423 1345 omnes
449 1307 522 1364 quas
548 1288 663 1347 Arabes
690 1308 726 1347 eo
751 1290 896 1365 temporis
909 1286 1048 1346 colebant
1071 1282 1243 1360 disciplinas

90 1390 260 1463 praecepta
287 1364 411 1458 Qur'dni
444 1407 519 1463 quae
552 1409 693 1466 respuere
719 1390 919 1466 nequiverunt
944 1392 976 1446 et
1001 1386 1113 1463 placita
1145 1381 1243 1460 philo·

98 1485 260 1563 sophorum
286 1506 461 1564 graecorum
477 1508 553 1565 quae
572 1492 711 1548 omittere
726 1490 888 1548 noluerunt
913 1491 1047 1565 iungere,
1075 1483 1242 1549 conciliare,

100 1589 132 1643 in
163 1606 255 1645 unum
283 1607 391 1666 corpus
424 1588 605 1648 confundere
639 1593 741 1650 conati
767 1579 868 1648 sunt³.
919 1587 997 1647 Eius
1031 1589 1108 1646 enim
1144 1582 1244 1662 operis

204 1887 213 1916 ¹
232 1886 375 1942 Assemsni
395 1888 470 1957 apud
488 1889 593 1945 Maium
604 1890 622 1944 l.
633 1891 651 1945 I.
671 1910 697 1960 p.
707 1893 759 1944 242
769 1891 1010 1947 Abulbarakttum
1027 1888 1245 1959 3333933νὶ33

98 1974 193 2029 evita
207 1975 350 2031 excessisse
366 1976 438 2032 dicit
455 1995 480 2032 3.
491 1983 647 2049 martyrum
666 1982 743 2034 1079.
779 1979 832 2048 Qui
844 1998 932 2034 ennus
950 1985 992 2034 est
1010 1997 1033 2032 3.
1054 1977 1156 2032 Christi
1179 1978 1245 2046 (uon

84 2062 183 2131 '1366‚
198 2067 231 2118 ut
242 2063 387 2121 Assemsni
404 2069 528 2134 annotat,
545 2067 603 2136 sed)
620 2067 769 2122 1362-63.
787 2067 909 2136 Quocum
928 2070 995 2122 satis
1013 2068 1150 2133 convenit,
1170 2065 1244 2135 quod

99 2151 204 2205 ibidem
221 2170 249 2221 p.
260 2153 313 2206 242
331 2153 421 2208 31243
436 2154 573 2209 librorum
591 2155 797 2212 Abulbarakdti
810 2156 934 2226 exempla
952 2159 1129 2211 recensentur
1147 2172 1171 2208 3.
1182 2153 1244 2209 Chr.

101 2241 170 2295 1384
187 2245 216 2295 31
233 2243 301 2296 1383
322 2247 442 2297 exarata.

204 2326 387 2384 1Μ31333313
405 2331 522 2401 dignum
541 2337 590 2401 est,
618 2333 691 2387 inter
709 2333 945 2402 apophthegmata
961 2349 1032 2402 quae
1049 2331 1087 2384 CI.
1106 2330 1246 2385 Dillmenn

53 2453 61 2468 .
103 2414 491 2493 (111333133111111331866.
513 2439 541 2491 p.
560 2423 595 2475 40
617 2439 676 2492 sqq.
700 2438 714 2474 3
739 2421 812 2475 libro
832 2422 988 2490 aethiopico
1013 2421 1058 2476 cui
1083 2420 1245 2474 inscribitur

100 2504 168 2559 Icher
181 2505 409 2578 pbdosophorum
420 2509 560 2577 excerpsit
578 2508 646 2563 duas
664 2526 744 2565 voces
759 2509 877 2565 inveniri
893 2527 963 2579 quae
974 2509 1084 2563 ceedem
1103 2509 1132 2563 in
1149 2513 1245 2562 nostro

99 2592 193 2648 libello
218 2600 381 2664 occurrunt3
410 2596 585 2652 31311336
607 2615 666 2667 cap.
696 2599 721 2666 6,
741 2600 757 2653 6
776 2603 804 2652 31
829 2598 864 2652 ed
883 2615 942 2668 cap.
963 2601 1004 2666 12,
1025 2601 1051 2652 3.
1086 2597 1144 2651 Iam
1175 2596 1245 2652 iuer

99 2682 328 2753 pedaminum
353 2685 486 2741 innititur
512 2687 657 2742 sententiis
679 2689 714 2741 ab
741 2687 881 2741 Arabibus
902 2687 971 2741 viris
993 2686 1105 2742 Graecis
1126 2685 1247 2740 nominis

100 2772 228 2826 claritate
258 2773 414 2842 insignibus
441 2775 593 2830 attributis.
631 2774 684 2829 Sed
707 2776 851 2844 quaeritur
877 2793 944 2829 num
974 2792 1006 2829 ea
1031 2792 1101 2843 quse
1125 2778 1247 2844 aguntur

98 2861 174 2916 dicta
197 2880 215 2916 3
230 2865 322 2917 nostri
350 2863 416 2919 libri
438 2867 550 2918 auctore
578 2864 701 2932 primum
724 2863 800 2919 edita
823 2880 874 2920 nec
898 2866 992 2933 potins
1017 2862 1129 2918 aliunde
1146 2862 1245 2918 hausta

99 2950 164 3018 sint,
182 2951 222 3005 113
241 2956 273 3019 ut
291 2955 398 3005 certum
415 2950 482 3005 libri
499 2953 648 3022 vestigium
665 2969 722 3007 non
745 2955 841 3007 exstet.

92 3057 97 3063 ·
199 3039 209 3071 ³
229 3037 270 3093 De
287 3044 412 3107 tempore
434 3057 488 3108 quo
508 3057 577 3109 opus
602 3040 786 3109 compositum
815 3043 852 3094 sit
870 3040 1002 3094 disseruit
1020 3038 1160 3110 Fliigelin
1183 3057 1246 3094 ann.

99 3125 230 3180 Zedschr.
250 3124 298 3180 der
317 3127 354 3180 D.
373 3126 413 3180 Μ.
432 3126 466 3181 G.
484 3125 559 3181 XIII.
576 3146 604 3196 p.
617 3129 650 3181 19
669 3145 727 3197 sqq.
748 3155 778 3165 -
799 3127 839 3181 De
856 3126 911 3181 fine
929 3144 1010 3197 quem
1027 3128 1176 3195 scriptores
1193 3125 1247 3181 sibi

99 3215 295 3282 proposuerint
316 3213 452 3267 videndus
470 3217 512 3268 est
529 3213 638 3269 Steiner
676 3215 732 3270 Dic
756 3211 951 3270 Mu’tuaditcn.
976 3215 1045 3284 Lpa.
1074 3218 1152 3271 1865.
1182 3217 1246 3285 p.7

100 3318 159 3370 sqq.
177 3331 211 3342 -
231 3302 334 3356 Textus
360 3301 453 3371 operis
475 3304 508 3354 51
533 3304 780 3358 commentationes
801 3303 1010 3372 complectentis
1031 3304 1157 3358 arabicus
1179 3321 1246 3357 non·

98 3390 165 3443 dum
184 3391 294 3460 prelum
314 3391 412 3458 subiit;
431 3392 579 3444 maximam
601 3395 693 3444 autem
712 3396 820 3460 partein
840 3391 877 3444 01.
896 3391 1028 3447 Dieterici
1053 3393 1163 3448 ecodd.
1183 3409 1246 3444 mss.

99 3479 256 3547 germanice
275 3479 368 3547 vertit,
387 3477 465 3532 cuius
484 3479 596 3546 scripte,
614 3481 713 3546 utpote
734 3477 897 3547 quee·infra
915 3479 1071 3549 saepissime
1084 3479 1246 3533 laudaturus

100 3566 160 3632 sim,
184 3569 279 3618 nostro
306 3566 366 3621 loco
394 3564 476 3619 semel
504 3582 653 3635 congerere
681 3565 781 3634 placet.
812 3565 1062 3621 Commentationes
1085 3566 1166 3619 1-6:
1191 3566 1247 3620 Dic

100 3653 304 3724 Propcedeutit
326 3654 497 3710 3133133633
519 3655 557 3709 im
583 3655 693 3710 3313133
712 3655 999 3710 1313333331131.
1019 3657 1098 3710 1865.
1119 3684 1150 3694 -
1170 3671 1248 3723 prae·

99 3748 176 3798 terea
202 3743 236 3797 de
255 3747 401 3798 comment
427 3745 451 3796 1.
479 3747 507 3797 31
527 3744 552 3796 2.
570 3743 724 3812 disputavit
748 3743 777 3796 in
799 3743 907 3798 Ztscbr.
931 3743 958 3797 d.
977 3742 1015 3796 D.
1034 3743 1075 3797 M.
1095 3741 1128 3796 G.
1147 3741 1248 3796 XVIII.

99 3850 126 3901 p.
145 3833 194 3886 691
222 3849 280 3901 sqq.
301 3850 347 3900 -;
372 3834 519 3885 comment.
546 3833 645 3884 7-13:
688 3830 851 3900 1113139371
874 3831 932 3885 aad
960 3831 1144 3902 Psycbotopt'c.
1176 3829 1245 3902 Lpa.

100 3922 191 3987 18683·
225 3922 371 3972 comment.
408 3920 527 3972 14-21:
565 3919 621 3974 Die
653 3919 932 3988 Noturcaschcuuap
968 3919 1027 3973 333
1063 3920 1247 3990 Neturphdo·

98 4006 201 4074 sopite.
231 4007 305 4062 BerI.
326 4010 396 4063 1861
420 4007 635 4076 (Ρ33331861);
677 4007 816 4077 appendix
834 4012 980 4062 comment.
1000 4009 1048 4061 21:
1086 4009 1146 4062 Der
1162 4007 1247 4063 Struit

98 4096 230 4151 33133633
260 4096 374 4149 Mcaccb
410 4095 469 4150 aad
507 4096 597 4150 Ibier.
635 4096 709 4150 Berl.
740 4098 812 4152 1858
841 4123 873 4133 ·-
900 4096 1012 4150 erebica
1045 4097 1102 4151 eius
1138 4097 1247 4151 fabulae

99 4184 183 4237 verba
212 4186 286 4253 typis
309 4184 438 4238 mundata
466 4190 532 4239 sunt
555 4185 695 4240 Calcuttae
721 4185 1244 4253 1812311842-;333331331.22-

97 4274 146 4328 30:
183 4273 239 4327 Die
263 4273 489 4342 AnthropoIcpic.
518 4273 587 4344 Lpa.
615 4278 700 4340 18715
739 4277 888 4328 comment.
907 4273 1033 4328 31—402
1069 4273 1125 4327 Dic
1152 4272 1239 4328 Lehrc

99 4377 153 4417 333
188 4362 236 4417 der
274 4361 415 4418 Wettscele.
452 4361 521 4433 Lpa.
557 4365 631 4424 1872
667 4390 699 4402 -
740 4365 891 4418 comment.
928 4361 1033 4418 31-33
1068 4363 1124 4419 iam
1160 4366 1241 4418 33133
