2708 4740
573 393 582 411 ·
682 361 755 420 XVI

120 564 296 640 scriptorem
330 565 470 621 notitiam
496 562 637 621 habuisse
662 563 710 621 vel
735 564 870 640 proxime
906 561 944 619 ab
972 561 1137 639 explorato.
1153 560 1269 621 abest'.

119 639 254 740 Namque
281 663 361 721 illius
387 665 653 721 commentationes
678 665 759 721 inter
785 668 819 720 et
843 666 979 720 nostrum
1005 647 1116 720 librani
1141 664 1269 721 maxima

120 763 282 822 intercedit
294 763 460 821 similitudo
477 769 508 821 et
520 763 717 822 necessitudo.
745 762 837 822 Aliud
849 762 969 841 quidam
982 764 1134 840 utrimque
1147 765 1268 840 agitur3

122 868 156 922 at
167 864 270 922 eadem
283 883 408 941 prorsus
421 869 468 922 est
479 863 722 942 philosophandi,
751 869 787 922 ut
800 865 845 922 ita
860 863 965 934 dicam,
992 865 1072 922 ratio
1083 863 1122 922 ab
1134 866 1176 921 eis
1192 884 1269 942 quae

123 965 155 1021 in
188 966 363 1042 cognitione
399 969 557 1023 versantur
585 965 741 1024 exordium
767 966 886 1042 capiens
924 969 1017 1042 atque
1054 967 1096 1022 eis
1135 984 1211 1041 quae
1238 966 1268 1022 in

123 1066 203 1122 vitae
235 1085 320 1122 usum
354 1065 465 1122 cadunt
497 1064 586 1123 finem
624 1067 764 1123 faciens2.
817 1063 913 1123 Porro
933 1084 1029 1143 paene
1068 1067 1166 1124 omnia
1193 1085 1269 1142 quae

118 1165 150 1220 in
178 1171 283 1223 nostro
310 1165 389 1223 libro
423 1167 455 1223 in
480 1166 610 1223 medium
638 1165 836 1243 proferuntur
861 1164 973 1242 placita
1006 1167 1038 1222 in
1062 1165 1123 1223 illis
1150 1186 1269 1243 qnoque

119 1267 425 1324 commentationibus
450 1268 666 1338 inveniuntur3
692 1267 782 1324 immo
810 1266 962 1324 nonnullis
988 1265 1061 1323 locis
1087 1286 1146 1323 non
1173 1265 1269 1325 solnm

118 1368 289 1424 sententiae
304 1366 354 1423 sed
370 1368 461 1424 etiam
481 1367 574 1425 verba
596 1368 677 1425 inter
707 1386 738 1425 se
752 1367 934 1424 conveniunt
942 1357 964 1422 ³.
978 1397 1029 1406 —
1045 1364 1090 1423 De
1108 1367 1269 1425 intervallo

119 1471 221 1522 autem
246 1469 326 1524 inter
362 1469 436 1525 istos
474 1469 560 1544 quasi
592 1469 738 1525 terminos
771 1465 915 1544 quosdam
952 1467 1132 1542 interposito
1160 1488 1269 1545 anceps

119 1564 233 1624 fluctuo
259 1587 356 1644 neque
383 1568 547 1646 quidquam
574 1566 672 1626 habeo
701 1586 759 1647 quo
774 1568 941 1625 accuratius
956 1568 1111 1644 scriptoris
1137 1573 1269 1626 aetatem

117 1664 219 1723 finiam
248 1669 305 1724 nisi
331 1669 532 1726 coniecturam
558 1688 650 1745 supra
676 1667 712 1726 da
738 1667 902 1744 exemplari
937 1667 1046 1725 codicis
1071 1667 1107 1724 R.
1135 1668 1268 1738 allatam,

119 1786 195 1842 quae
226 1768 252 1823 si
285 1788 387 1826 verum
413 1773 508 1838 tenet,
534 1768 655 1826 libellus
680 1769 786 1844 utique
819 1767 915 1824 multo
951 1774 1023 1825 ante
1049 1772 1186 1846 tempora
1212 1768 1270 1826 Ibn

117 1865 179 1924 Abi
196 1858 329 1962 Useibi‘a
353 1869 535 1945 compositus
559 1873 614 1926 est.

218 1991 374 2052 Postremo
407 1994 564 2069 quaeritur
589 1991 636 2050 eui
662 1992 702 2049 sit
728 1989 806 2050 liber
843 1993 920 2048 usui.
971 1990 1063 2068 Apud
1091 1993 1216 2063 Arabes,
1244 1996 1270 2051 si

100 2091 241 2168 quidem
267 2114 302 2151 ex
329 2092 534 2170 exemplorum
560 2113 636 2169 quae
661 2092 693 2149 in
719 2090 912 2150 bibliothecis
936 2093 1048 2150 nostris
1074 2093 1269 2152 inveniuntur

119 2191 291 2268 frequentia
328 2198 360 2251 et
385 2213 422 2251 ex
448 2192 548 2269 ampla
575 2193 670 2251 omnis
696 2193 815 2269 generis
840 2192 1002 2250 lectionum
1026 2194 1174 2251 varietate
1199 2213 1269 2252 con-

120 2294 263 2352 iecturari
277 2294 357 2362 licet,
385 2293 519 2351 studiose
531 2294 687 2351 lectitatus
713 2298 744 2351 et
757 2311 901 2369 perquam
926 2292 1011 2349 utilis
1029 2292 1152 2351 habitus
1176 2293 1269 2352 fuisse

119 2390 248 2450 videtur.
300 2392 397 2451 Hodie
430 2413 500 2451 sane
536 2393 620 2452 aliud
653 2392 810 2451 ferendum
847 2395 893 2450 est
928 2392 1078 2450 iudicium.
1129 2393 1172 2450 At
1197 2414 1268 2452 vero

119 2496 155 2550 ut
180 2493 414 2568 unumquodque
440 2495 634 2572 antiquitatis
671 2493 882 2551 documentum
914 2492 1119 2571 qualecunque
1152 2497 1207 2564 est,
1242 2496 1268 2552 si

120 2593 315 2651 historiarum
342 2577 543 2670 cognitionem
578 2598 705 2670 spectas,
737 2592 868 2669 aliquem
894 2593 1021 2669 praebet
1052 2593 1194 2663 fructum,
1223 2596 1267 2653 ita

119 2697 222 2750 noster
247 2693 368 2751 libellus
393 2695 498 2764 initiis,
524 2699 560 2752 ut
585 2693 714 2762 videtur,
741 2691 1109 2769 Arabumpbilosophiae
1134 2694 1267 2769 aliquam

34 2801 36 2804 ’
119 2793 214 2850 lucem
248 2792 338 2851 affert
366 2795 572 2871 imprimisque
598 2792 815 2851 Platonismum
848 2791 929 2867 apud
954 2791 1070 2849 Arabes
1097 2795 1267 2849 accuratius

118 2895 274 2969 cognitum
298 2898 330 2952 et
355 2893 446 2953 latius
459 2893 599 2952 diffusum
625 2893 716 2951 fuisse
737 2890 871 2949 ostendit
896 2910 985 2967 qnam
1003 2890 1094 2967 vulgo
1121 2890 1268 2949 arbitrari

118 2993 226 3051 solent.

118 3145 301 3200 transtulerat
329 3148 358 3200 in
377 3146 483 3200 Ztscbr.
504 3145 530 3198 d.
558 3145 597 3199 D.
620 3144 662 3197 M.
686 3143 719 3198 G.
746 3142 804 3197 XV.
824 3161 851 3211 p.
873 3143 925 3196 586
948 3159 1006 3210 sqq.
1028 3171 1068 3196 -.
1089 3143 1173 3198 Doleo
1192 3144 1267 3213 quod

119 3239 266 3289 comment.
277 3235 392 3300 41-51,
411 3251 481 3302 quae
498 3250 550 3301 pro
568 3236 733 3300 argumento
752 3230 827 3300 quod
838 3230 1094 3286 exhibetDieterici
1113 3232 1267 3287 Dchtreit

122 3321 255 3376 awiscbcn
273 3321 388 3375 Mcoech
406 3320 464 3374 aad
483 3320 572 3374 Thiar.
591 3338 617 3388 p.
629 3321 682 3374 233
701 3337 758 3388 sqq.
776 3320 927 3372 maximum
940 3319 1161 3388 suppeditassent
1179 3337 1266 3388 muna,

119 3409 262 3464 consulere
280 3425 335 3462 non
353 3408 500 3475 potuerim.

228 3496 311 3565 lIpsi
332 3496 449 3548 Fretum
474 3494 649 3548 Sinoerorum
669 3496 794 3549 societati
821 3511 885 3548 eum
910 3493 1052 3546 addictum
1079 3491 1163 3546 fuisse
1181 3493 1265 3547 variis

118 3603 150 3639 ex
169 3585 260 3639 causis
280 3601 295 3636 a
313 3584 372 3637 veri
390 3582 573 3636 similitudine
594 3583 713 3637 alienum
736 3588 784 3636 est.

222 3672 284 3727 ²cf.
305 3670 483 3724 Diotericium
503 3670 563 3724 Dor
580 3669 664 3725 screa
683 3687 731 3726 aaa.
751 3669 792 3724 M.
813 3687 841 3723 u.
862 3669 911 3723 Th.
930 3687 959 3737 p.
977 3669 1039 3720 238.

221 3763 231 3794 ³
250 3759 326 3814 Infra
344 3760 374 3813 in
389 3759 604 3812 annotatonibus
621 3775 802 3827 eorumquae
819 3757 878 3812 dixi
891 3760 1054 3826 argumenta
1071 3754 1219 3809 exhibebo.
