2708 4740
216 1151 353 1210 Libellus
387 1155 418 1210 in
452 1169 511 1227 quo
538 1148 660 1218 edendo,
687 1149 841 1219 vertendo,
876 1149 1055 1207 illustrando
1084 1152 1257 1226 opusculum

113 1258 251 1311 versatur
283 1253 397 1328 priore,
416 1270 510 1328 eaque
535 1249 631 1307 multo
663 1251 777 1308 minore
810 1270 845 1309 ex
871 1255 959 1326 parta
985 1270 1081 1327 nuper
1106 1253 1138 1308 in
1163 1251 1257 1311 lucem

114 1354 238 1430 prodiit,
271 1351 368 1409 altera
405 1372 440 1409 ex
472 1356 560 1428 parte
595 1349 692 1408 adhuc
724 1353 756 1408 in
789 1351 922 1408 codicum
958 1369 1048 1408 manu
1079 1352 1257 1429 scriptorum

113 1454 247 1511 tenebris
265 1452 366 1510 latuit.
417 1452 481 1510 Iam
495 1451 518 1508 Ι.
538 1450 562 1507 l.
578 1450 689 1508 Reiska
715 1471 742 1509 a.
761 1454 803 1509 17
811 1454 854 1510 36
876 1451 1054 1510 industriam
1074 1454 1105 1508 in
1119 1471 1154 1508 eo
1167 1453 1257 1512 collo·

112 1535 192 1611 cavit
226 1559 257 1610 et
282 1555 412 1630 priorem
439 1554 501 1610 eius
530 1555 648 1628 partem
685 1571 700 1608 a
727 1551 826 1609 codice
858 1551 1060 1609 bibliothecae
1091 1556 1259 1611 senatoriae

113 1656 245 1711 civitatis
270 1651 434 1729 Lipsiensis
464 1681 504 1693 -—
535 1653 615 1708 inter
640 1650 725 1709 codd.
752 1651 847 1720 arab,
881 1651 981 1729 pars,n
1006 1658 1082 1710 turc.
1116 1672 1145 1710 n.
1177 1655 1257 1712 297.

114 1749 203 1828 (29.)
230 1753 283 1811 fol.
314 1747 530 1822 73V--15513
567 1751 647 1828 apud
674 1751 894 1810 Naumannium
923 1750 989 1810 Cat.
1017 1752 1163 1810 librorum
1189 1773 1258 1812 mss.

113 1856 165 1930 qui
190 1855 222 1911 in
241 1853 322 1912 bibl.
350 1857 445 1911 senat.
472 1853 527 1910 civ.
555 1850 640 1929 Lips.
667 1858 869 1911 asservantur.
895 1872 925 1930 p.
957 1853 1026 1910 535
1060 1882 1098 1892 -
1128 1852 1258 1910 inLati-
1310 1904 1313 1908 ,

112 1975 182 2012 num
209 1955 310 2022 vertit,
347 1971 423 2031 quae
459 1953 556 2010 versio
581 1951 663 2010 foras
695 1952 767 2011 data
805 1972 866 2010 non
892 1957 947 2022 est,
985 1953 1037 2011 sed
1071 1945 1259 2011 in'eiusdem

112 2055 314 2112 bibliothecae
353 2054 468 2111 scriniis
501 2054 644 2110 remansit
656 2047 676 2109 ¹.
728 2051 843 2111 Deinde
868 2072 940 2111 vero
966 2051 1002 2110 V.
1030 2051 1078 2127 Ill.
1113 2077 1259 2112 muscam

113 2155 239 2213 eundem
280 2152 408 2212 codicem
437 2151 611 2210 Germanice
636 2151 784 2211 reddidit:
824 2153 949 2212 Hermes
984 2155 1189 2230 Trisuceyistus
1219 2174 1259 2214 au

113 2257 160 2314 dic
182 2256 371 2315 measclcb'cbe
392 2255 474 2314 Scala
495 2256 526 2311 in
544 2252 664 2330 Illgenii
679 2254 847 2326 thtscbrift
859 2254 912 2326 far
927 2255 974 2314 dic
984 2257 1154 2316 historiscta
1169 2258 1258 2316 Thec-

65 2394 69 2400 ·
113 2359 194 2433 topic.
218 2359 278 2416 Bd.
301 2362 349 2416 10.
381 2356 474 2429 (aaa.
496 2354 599 2426 1840.)
625 2374 656 2431 p.
683 2356 863 2425 87—-117,
891 2357 1019 2430 triginta
1045 2361 1147 2414 autem
1172 2353 1258 2415 annis

113 2465 183 2535 post
209 2457 371 2515 collatione
404 2455 513 2512 codicis
538 2451 677 2512 Vaticani
707 2485 745 2495 -
777 2457 858 2512 inter
887 2455 971 2513 codd.
999 2456 1083 2514 arab.
1117 2477 1146 2514 n.
1178 2459 1257 2516 182.

114 2553 229 2634 (153.)
255 2556 309 2613 fol.
328 2558 440 2614 104-
453 2555 520 2612 132
532 2574 539 2624 3
568 2553 648 2632 apud
661 2553 867 2614 Assemanium
879 2554 958 2614 Bibl.
974 2557 1082 2614 orient.
1098 2555 1259 2616 Clamant.-

113 2657 211 2715 Vatic.
239 2655 294 2725 III,
325 2659 354 2714 l.
388 2675 418 2732 p.
449 2655 516 2712 283
542 2674 572 2712 n.
603 2655 646 2712 25
683 2683 720 2694 -
752 2657 804 2732 qui
828 2656 952 2714 eandam
979 2676 1067 2733 quam
1093 2657 1259 2735 Lipsiensis

112 2757 209 2815 libelli
235 2761 353 2834 partem
380 2754 503 2814 exhibet
528 2754 650 2813 adiutus
677 2754 769 2813 verba
796 2753 873 2830 (eius
894 2754 1004 2834 partis)
1031 2759 1151 2817 arabica
1177 2761 1259 2836 typis

112 2857 281 2915 mandanda
307 2858 423 2915 curavit
443 2858 544 2930 eisque
571 2856 855 2930 interpretationem
883 2877 966 2914 suum
992 2857 1147 2917 subiunxit
1174 2862 1258 2919 novis

111 2960 189 3016 curis
225 2962 437 3015 retractatam:
474 2957 599 3015 Hermes
616 2956 821 3032 Trismcpc'slas
844 2975 883 3016 aa
904 2959 951 3015 dic
964 2960 1153 3019 measchlc'chc
1167 2960 1258 3020 Scala.

114 3067 262 3126 Arausa
282 3067 344 3124 aad
358 3067 476 3125 deutscb
497 3066 728 3141 beraaspcycbca
741 3083 797 3124 coa
810 3065 895 3136 Prof.
911 3066 969 3123 Dr.
985 3066 1027 3122 H.
1042 3066 1080 3123 L.
1096 3067 1257 3126 Flea'scher.

115 3175 351 3250 Leipai91870.
379 3172 437 3242 Qui
462 3171 583 3230 libellus
610 3189 701 3246 quum
727 3173 759 3228 in
785 3174 953 3230 universum
979 3171 1049 3229 talis
1078 3174 1118 3229 sit
1138 3175 1256 3250 qualem

112 3294 173 3331 essa
208 3294 276 3331 eum
310 3292 346 3329 ex
373 3273 438 3348 ipso
473 3271 629 3348 scriptoris
661 3271 780 3328 nomine
816 3272 985 3342 conieceris‚
1025 3291 1096 3330 sane
1134 3278 1180 3330 est
1206 3293 1258 3331 cur

112 3376 238 3444 mireris,
265 3393 312 3430 me
339 3371 436 3429 denuo
470 3371 548 3429 idem
583 3389 658 3446 opus
690 3370 816 3447 aggredi
849 3391 953 3430 ausum
987 3391 1060 3429 osse.
1113 3372 1258 3429 Attamen

110 3463 199 3530 facile
233 3493 355 3530 excuser
389 3475 497 3548 utpote
524 3472 585 3546 qui,
617 3475 777 3547 postquam
803 3473 932 3549 primum
964 3472 1098 3548 reliquae
1123 3476 1256 3528 tantum-

110 3572 206 3630 modo'
226 3572 362 3649 opusculi
394 3573 476 3649 parti
508 3591 526 3628 a
548 3568 720 3629 Floischero
752 3591 812 3629 non
837 3577 946 3630 tactae.
970 3572 1066 3630 lucem
1090 3569 1199 3628 afferre
1225 3573 1256 3628 in

111 3675 211 3730 animo
233 3673 302 3742 fnit,
317 3679 382 3730 tum
397 3671 516 3728 demum
532 3671 689 3728 consillum
704 3673 882 3730 mutaverim
896 3692 987 3749 quum
1003 3689 1150 3729 novorum
1175 3669 1255 3729 codi-

111 3792 177 3829 cum
204 3791 261 3847 ope
286 3773 406 3830 adiutus
432 3770 598 3830 Fleischeri
625 3777 679 3829 aut
704 3771 863 3830 lectionem
892 3778 946 3831 aut
972 3773 1255 3850 interpretationem

110 3871 262 3930 nonnullis
294 3871 366 3930 locis
391 3876 508 3930 mutare
537 3890 624 3948 possa
650 3872 724 3930 mihi
749 3874 828 3933 visus
854 3892 918 3931 sum
944 3872 1091 3951 simulque
1117 3893 1152 3931 ea
1178 3893 1254 3950 quae

109 3972 148 4030 ad
182 3976 393 4048 argumentum
428 3971 500 4030 libri
526 3971 738 4031 illustrandum
772 3972 952 4050 collegeram
990 3975 1052 4032 sine
1085 3976 1158 4051 ipsis
1184 3976 1254 4032 scri-

108 4073 206 4149 ptoris
232 4073 330 4132 verbis
357 4071 493 4131 exhiberi
518 4091 578 4130 non
603 4092 691 4150 posse
717 4073 863 4132 intellexi.
906 4072 1046 4133 Ceterum
1073 4075 1156 4132 aliud
1182 4074 1255 4150 quid

108 4221 307 4230 Μ

209 4285 219 4316 ¹
236 4283 320 4338 Plura
342 4284 377 4338 dc
395 4276 503 4339 Reiskii
522 4286 595 4340 curis
614 4286 725 4340 exhibet
748 4286 790 4341 Ill.
809 4286 949 4341 Pleischar
968 4287 998 4340 in
1016 4284 1158 4356 prooemio
1188 4284 1269 4539 soffi-sp
1282 4258 1318 4433 pg

107 4376 220 4446 ptorum
237 4373 313 4450 illico
331 4373 541 4431 laudandorum.

1108 4463 1119 4513 l
